<?xml version="1.0" encoding="UTF-8"?>
<!DOCTYPE html PUBLIC "-//W3C//DTD XHTML 1.0 Transitional//EN"
    "http://www.w3.org/TR/xhtml1/DTD/xhtml1-transitional.dtd">
<html xmlns="http://www.w3.org/1999/xhtml" xml:lang="en" lang="en">
 <head>
  <title>
</title>
<meta http-equiv="Content-Type" content="text/html;charset=utf-8" />
  <meta name='ocr-system' content='tesseract 3.04.00' />
  <meta name='ocr-capabilities' content='ocr_page ocr_carea ocr_par ocr_line ocrx_word'/>
</head>
<body>
  <div class='ocr_page' id='page_1' title='image "./patrologiaecurs139migngoog_0397.png"; bbox 0 0 4084 6334; ppageno 0'>
   <div class='ocr_carea' id='block_1_1' title="bbox 164 334 1820 412">
    <p class='ocr_par' dir='ltr' id='par_1_1' title="bbox 164 334 1820 412">
     <span class='ocr_line' id='line_1_1' title="bbox 164 334 1820 412; baseline 0.004 -17"><span class='ocrx_word' id='word_1_1' title='bbox 164 334 221 397; x_wconf 75' lang='lat' dir='ltr'><strong>ila</strong></span> <span class='ocrx_word' id='word_1_2' title='bbox 718 334 945 412; x_wconf 69' lang='lat' dir='ltr'><strong>ulssanuato</strong></span> <span class='ocrx_word' id='word_1_3' title='bbox 962 336 998 400; x_wconf 78' lang='lat' dir='ltr'><strong>n.</strong></span> <span class='ocrx_word' id='word_1_4' title='bbox 1015 336 1060 394; x_wconf 75' lang='lat' dir='ltr'><strong>LE</strong></span> <span class='ocrx_word' id='word_1_5' title='bbox 1078 334 1233 397; x_wconf 73' lang='lat' dir='ltr'><strong>dobner.</strong></span> <span class='ocrx_word' id='word_1_6' title='bbox 1765 343 1820 401; x_wconf 81' lang='lat' dir='ltr'><strong>itti</strong></span> 
     </span>
    </p>
   </div>
   <div class='ocr_carea' id='block_1_2' title="bbox 160 442 1904 2294">
    <p class='ocr_par' dir='ltr' id='par_1_2' title="bbox 161 442 1818 1642">
     <span class='ocr_line' id='line_1_2' title="bbox 164 442 1818 528; baseline 0.004 -17"><span class='ocrx_word' id='word_1_7' title='bbox 164 455 217 522; x_wconf 85' lang='lat' dir='ltr'><strong>ris,</strong></span> <span class='ocrx_word' id='word_1_8' title='bbox 243 468 324 526; x_wconf 82' lang='lat' dir='ltr'><strong>qnam</strong></span> <span class='ocrx_word' id='word_1_9' title='bbox 348 454 420 510; x_wconf 77' lang='lat' dir='ltr'><strong>laesas</strong></span> <span class='ocrx_word' id='word_1_10' title='bbox 438 451 586 526; x_wconf 81' lang='lat' dir='ltr'><strong>majestatie</strong></span> <span class='ocrx_word' id='word_1_11' title='bbox 608 452 707 510; x_wconf 77' lang='lat' dir='ltr'><strong>divine</strong></span> <span class='ocrx_word' id='word_1_12' title='bbox 729 454 842 511; x_wconf 88' lang='lat' dir='ltr'><strong>sceleris</strong></span> <span class='ocrx_word' id='word_1_13' title='bbox 867 468 967 527; x_wconf 85' lang='lat' dir='ltr'><strong>argue-</strong></span> <span class='ocrx_word' id='word_1_14' title='bbox 979 452 1124 525; x_wconf 79' lang='lat' dir='ltr'><strong>Ajestatis</strong></span> <span class='ocrx_word' id='word_1_15' title='bbox 1138 454 1274 518; x_wconf 76' lang='lat' dir='ltr'><strong>bumana.</strong></span> <span class='ocrx_word' id='word_1_16' title='bbox 1290 454 1385 512; x_wconf 88' lang='lat' dir='ltr'><strong>eadem</strong></span> <span class='ocrx_word' id='word_1_17' title='bbox 1409 456 1602 528; x_wconf 70' lang='lat' dir='ltr'><strong>perspicuitate</strong></span> <span class='ocrx_word' id='word_1_18' title='bbox 1618 442 1818 526; x_wconf 67' lang='lat' dir='ltr'><strong>ostendisses</strong></span> 
     </span>
     <span class='ocr_line' id='line_1_3' title="bbox 163 545 1815 624; baseline 0.007 -23"><span class='ocrx_word' id='word_1_19' title='bbox 163 545 240 603; x_wconf 88' lang='lat' dir='ltr'><strong>bant.</strong></span> <span class='ocrx_word' id='word_1_20' title='bbox 272 546 393 616; x_wconf 79' lang='lat' dir='ltr'><strong>Quidni,</strong></span> <span class='ocrx_word' id='word_1_21' title='bbox 420 560 483 602; x_wconf 91' lang='lat' dir='ltr'><strong>cum</strong></span> <span class='ocrx_word' id='word_1_22' title='bbox 510 546 646 603; x_wconf 74' lang='lat' dir='ltr'><strong>virentem</strong></span> <span class='ocrx_word' id='word_1_23' title='bbox 671 546 862 618; x_wconf 72' lang='lat' dir='ltr'><strong>imperatorem</strong></span> <span class='ocrx_word' id='word_1_24' title='bbox 885 548 966 619; x_wconf 80' lang='lat' dir='ltr'><strong>louge</strong></span> <span class='ocrx_word' id='word_1_25' title='bbox 1018 559 1161 617; x_wconf 81' lang='lat' dir='ltr'><strong>propterea</strong></span> <span class='ocrx_word' id='word_1_26' title='bbox 1186 547 1359 613; x_wconf 88' lang='lat' dir='ltr'><strong>abetbnicis</strong></span> <span class='ocrx_word' id='word_1_27' title='bbox 1388 548 1440 607; x_wconf 89' lang='lat' dir='ltr'><strong>dici</strong></span> <span class='ocrx_word' id='word_1_28' title='bbox 1468 566 1521 607; x_wconf 93' lang='lat' dir='ltr'><strong>non</strong></span> <span class='ocrx_word' id='word_1_29' title='bbox 1548 551 1668 623; x_wconf 84' lang='lat' dir='ltr'><strong>potuisse</strong></span> <span class='ocrx_word' id='word_1_30' title='bbox 1693 546 1815 624; x_wconf 80' lang='lat' dir='ltr'><strong>publicos</strong></span> 
     </span>
     <span class='ocr_line' id='line_1_4' title="bbox 164 632 1816 713; baseline 0.005 -18"><span class='ocrx_word' id='word_1_31' title='bbox 164 638 356 709; x_wconf 66' lang='lat' dir='ltr'><strong>mugientum</strong></span> <span class='ocrx_word' id='word_1_32' title='bbox 369 638 436 694; x_wconf 90' lang='lat' dir='ltr'><strong>deos</strong></span> <span class='ocrx_word' id='word_1_33' title='bbox 457 652 521 693; x_wconf 89' lang='lat' dir='ltr'><strong>suos</strong></span> <span class='ocrx_word' id='word_1_34' title='bbox 543 646 666 694; x_wconf 90' lang='lat' dir='ltr'><strong>mortuos</strong></span> <span class='ocrx_word' id='word_1_35' title='bbox 678 632 817 706; x_wconf 65' lang='lat' dir='ltr'><strong>emerent,</strong></span> <span class='ocrx_word' id='word_1_36' title='bbox 830 638 966 708; x_wconf 78' lang='lat' dir='ltr'><strong>atoueid·</strong></span> <span class='ocrx_word' id='word_1_37' title='bbox 1018 636 1121 707; x_wconf 85' lang='lat' dir='ltr'><strong>hostes,</strong></span> <span class='ocrx_word' id='word_1_38' title='bbox 1136 639 1208 712; x_wconf 84' lang='lat' dir='ltr'><strong>quod</strong></span> <span class='ocrx_word' id='word_1_39' title='bbox 1222 641 1342 713; x_wconf 90' lang='lat' dir='ltr'><strong>ipsorum</strong></span> <span class='ocrx_word' id='word_1_40' title='bbox 1368 656 1444 699; x_wconf 86' lang='lat' dir='ltr'><strong>moro</strong></span> <span class='ocrx_word' id='word_1_41' title='bbox 1467 656 1520 699; x_wconf 87' lang='lat' dir='ltr'><strong>nott</strong></span> <span class='ocrx_word' id='word_1_42' title='bbox 1542 646 1713 703; x_wconf 88' lang='lat' dir='ltr'><strong>celebrarent</strong></span> <span class='ocrx_word' id='word_1_43' title='bbox 1724 644 1816 703; x_wconf 81' lang='lat' dir='ltr'><strong>Caesa·</strong></span> 
     </span>
     <span class='ocr_line' id='line_1_5' title="bbox 163 730 1818 825; baseline 0.005 -36"><span class='ocrx_word' id='word_1_44' title='bbox 163 730 241 789; x_wconf 85' lang='lat' dir='ltr'><strong>circo</strong></span> <span class='ocrx_word' id='word_1_45' title='bbox 252 731 332 799; x_wconf 79' lang='lat' dir='ltr'><strong>citius</strong></span> <span class='ocrx_word' id='word_1_46' title='bbox 343 746 392 803; x_wconf 92' lang='lat' dir='ltr'><strong>per</strong></span> <span class='ocrx_word' id='word_1_47' title='bbox 410 730 461 787; x_wconf 87' lang='lat' dir='ltr'><strong>bos</strong></span> <span class='ocrx_word' id='word_1_48' title='bbox 474 744 571 789; x_wconf 89' lang='lat' dir='ltr'><strong>omnes</strong></span> <span class='ocrx_word' id='word_1_49' title='bbox 583 732 746 825; x_wconf 70' lang='lat' dir='ltr'><strong>pejerarent,</strong></span> <span class='ocrx_word' id='word_1_50' title='bbox 757 747 838 804; x_wconf 81' lang='lat' dir='ltr'><strong>quam</strong></span> <span class='ocrx_word' id='word_1_51' title='bbox 852 748 901 803; x_wconf 89' lang='lat' dir='ltr'><strong>per</strong></span> <span class='ocrx_word' id='word_1_52' title='bbox 912 733 965 789; x_wconf 85' lang='lat' dir='ltr'><strong>im·</strong></span> <span class='ocrx_word' id='word_1_53' title='bbox 1016 744 1076 789; x_wconf 87' lang='lat' dir='ltr'><strong>nuru</strong></span> <span class='ocrx_word' id='word_1_54' title='bbox 1092 731 1313 802; x_wconf 67' lang='lat' dir='ltr'><strong>solemninibus</strong></span> <span class='ocrx_word' id='word_1_55' title='bbox 1332 736 1404 797; x_wconf 90' lang='lat' dir='ltr'><strong>enim</strong></span> <span class='ocrx_word' id='word_1_56' title='bbox 1421 735 1474 792; x_wconf 91' lang='lat' dir='ltr'><strong>nisi</strong></span> <span class='ocrx_word' id='word_1_57' title='bbox 1496 738 1595 809; x_wconf 85' lang='lat' dir='ltr'><strong>impius</strong></span> <span class='ocrx_word' id='word_1_58' title='bbox 1609 739 1689 795; x_wconf 93' lang='lat' dir='ltr'><strong>bomo</strong></span> <span class='ocrx_word' id='word_1_59' title='bbox 1709 738 1818 813; x_wconf 62' lang='lat' dir='ltr'><strong>rimabit</strong></span> 
     </span>
     <span class='ocr_line' id='line_1_6' title="bbox 163 823 1815 901; baseline 0.007 -24"><span class='ocrx_word' id='word_1_60' title='bbox 163 823 297 896; x_wconf 84' lang='lat' dir='ltr'><strong>paraturis</strong></span> <span class='ocrx_word' id='word_1_61' title='bbox 306 824 674 895; x_wconf 81' lang='lat' dir='ltr'><strong>geniumiQuidreroreette</strong></span> <span class='ocrx_word' id='word_1_62' title='bbox 685 826 783 883; x_wconf 87' lang='lat' dir='ltr'><strong>rationi</strong></span> <span class='ocrx_word' id='word_1_63' title='bbox 793 826 879 899; x_wconf 87' lang='lat' dir='ltr'><strong>magis</strong></span> <span class='ocrx_word' id='word_1_64' title='bbox 889 840 965 898; x_wconf 80' lang='lat' dir='ltr'><strong>repo·¹</strong></span> <span class='ocrx_word' id='word_1_65' title='bbox 1015 838 1048 881; x_wconf 86' lang='lat' dir='ltr'><strong>ea</strong></span> <span class='ocrx_word' id='word_1_66' title='bbox 1069 824 1171 894; x_wconf 86' lang='lat' dir='ltr'><strong>agcrtda</strong></span> <span class='ocrx_word' id='word_1_67' title='bbox 1191 840 1252 881; x_wconf 90' lang='lat' dir='ltr'><strong>erse</strong></span> <span class='ocrx_word' id='word_1_68' title='bbox 1270 840 1331 883; x_wconf 91' lang='lat' dir='ltr'><strong>cnm</strong></span> <span class='ocrx_word' id='word_1_69' title='bbox 1355 842 1452 899; x_wconf 84' lang='lat' dir='ltr'><strong>magna</strong></span> <span class='ocrx_word' id='word_1_70' title='bbox 1477 829 1619 896; x_wconf 86' lang='lat' dir='ltr'><strong>modestia,</strong></span> <span class='ocrx_word' id='word_1_71' title='bbox 1642 832 1815 901; x_wconf 78' lang='lat' dir='ltr'><strong>verecundia,</strong></span> 
     </span>
     <span class='ocr_line' id='line_1_7' title="bbox 162 918 1817 993; baseline 0.005 -20"><span class='ocrx_word' id='word_1_72' title='bbox 162 927 237 990; x_wconf 87' lang='lat' dir='ltr'><strong>gnat,</strong></span> <span class='ocrx_word' id='word_1_73' title='bbox 255 933 336 991; x_wconf 79' lang='lat' dir='ltr'><strong>quam</strong></span> <span class='ocrx_word' id='word_1_74' title='bbox 351 918 404 975; x_wconf 92' lang='lat' dir='ltr'><strong>diis</strong></span> <span class='ocrx_word' id='word_1_75' title='bbox 417 920 570 977; x_wconf 89' lang='lat' dir='ltr'><strong>sacriticare</strong></span> <span class='ocrx_word' id='word_1_76' title='bbox 582 919 761 991; x_wconf 82' lang='lat' dir='ltr'><strong>pronominis</strong></span> <span class='ocrx_word' id='word_1_77' title='bbox 772 920 870 989; x_wconf 77' lang='lat' dir='ltr'><strong>salum,</strong></span> <span class='ocrx_word' id='word_1_78' title='bbox 882 934 963 992; x_wconf 82' lang='lat' dir='ltr'><strong>quam</strong></span> <span class='ocrx_word' id='word_1_79' title='bbox 1016 918 1172 986; x_wconf 69' lang='lat' dir='ltr'><strong>sobrietate,</strong></span> <span class='ocrx_word' id='word_1_80' title='bbox 1186 926 1214 974; x_wconf 90' lang='lat' dir='ltr'><strong>ct</strong></span> <span class='ocrx_word' id='word_1_81' title='bbox 1228 918 1372 989; x_wconf 85' lang='lat' dir='ltr'><strong>pudicitia?</strong></span> <span class='ocrx_word' id='word_1_82' title='bbox 1383 920 1463 991; x_wconf 78' lang='lat' dir='ltr'><strong>atqui</strong></span> <span class='ocrx_word' id='word_1_83' title='bbox 1473 923 1588 993; x_wconf 87' lang='lat' dir='ltr'><strong>gentiles</strong></span> <span class='ocrx_word' id='word_1_84' title='bbox 1602 938 1634 981; x_wconf 88' lang='lat' dir='ltr'><strong>ea</strong></span> <span class='ocrx_word' id='word_1_85' title='bbox 1644 924 1817 983; x_wconf 82' lang='lat' dir='ltr'><strong>celebrabant</strong></span> 
     </span>
     <span class='ocr_line' id='line_1_8' title="bbox 163 1008 1814 1087; baseline 0.005 -22"><span class='ocrx_word' id='word_1_86' title='bbox 163 1008 294 1065; x_wconf 83' lang='lat' dir='ltr'><strong>neodare</strong></span> <span class='ocrx_word' id='word_1_87' title='bbox 308 1020 433 1080; x_wconf 72' lang='lat' dir='ltr'><strong>possum</strong></span> <span class='ocrx_word' id='word_1_88' title='bbox 447 1026 499 1067; x_wconf 91' lang='lat' dir='ltr'><strong>nec</strong></span> <span class='ocrx_word' id='word_1_89' title='bbox 513 1024 687 1067; x_wconf 72' lang='lat' dir='ltr'><strong>conservare.</strong></span> <span class='ocrx_word' id='word_1_90' title='bbox 701 1010 762 1079; x_wconf 76' lang='lat' dir='ltr'><strong>Quo</strong></span> <span class='ocrx_word' id='word_1_91' title='bbox 776 1012 850 1068; x_wconf 89' lang='lat' dir='ltr'><strong>enim</strong></span> <span class='ocrx_word' id='word_1_92' title='bbox 869 1011 961 1081; x_wconf 92' lang='lat' dir='ltr'><strong>modo,</strong></span> <span class='ocrx_word' id='word_1_93' title='bbox 1017 1024 1122 1065; x_wconf 90' lang='lat' dir='ltr'><strong>sumum</strong></span> <span class='ocrx_word' id='word_1_94' title='bbox 1134 1024 1198 1075; x_wconf 81' lang='lat' dir='ltr'><strong>cum</strong></span> <span class='ocrx_word' id='word_1_95' title='bbox 1212 1010 1331 1079; x_wconf 79' lang='lat' dir='ltr'><strong>iascivia,</strong></span> <span class='ocrx_word' id='word_1_96' title='bbox 1345 1010 1487 1080; x_wconf 91' lang='lat' dir='ltr'><strong>ebrietate,</strong></span> <span class='ocrx_word' id='word_1_97' title='bbox 1509 1014 1686 1087; x_wconf 89' lang='lat' dir='ltr'><strong>impudentia,</strong></span> <span class='ocrx_word' id='word_1_98' title='bbox 1702 1017 1814 1074; x_wconf 87' lang='lat' dir='ltr'><strong>seditio·</strong></span> 
     </span>
     <span class='ocr_line' id='line_1_9' title="bbox 163 1101 1816 1179; baseline 0.005 -23"><span class='ocrx_word' id='word_1_99' title='bbox 163 1110 242 1172; x_wconf 83' lang='lat' dir='ltr'><strong>urget</strong></span> <span class='ocrx_word' id='word_1_100' title='bbox 255 1101 448 1172; x_wconf 79' lang='lat' dir='ltr'><strong>Tertullianus,</strong></span> <span class='ocrx_word' id='word_1_101' title='bbox 462 1103 531 1159; x_wconf 89' lang='lat' dir='ltr'><strong>alios</strong></span> <span class='ocrx_word' id='word_1_102' title='bbox 542 1104 700 1172; x_wconf 87' lang='lat' dir='ltr'><strong>servabunt,</strong></span> <span class='ocrx_word' id='word_1_103' title='bbox 711 1104 756 1176; x_wconf 77' lang='lat' dir='ltr'><strong>qui</strong></span> <span class='ocrx_word' id='word_1_104' title='bbox 768 1119 831 1161; x_wconf 85' lang='lat' dir='ltr'><strong>suas</strong></span> <span class='ocrx_word' id='word_1_105' title='bbox 845 1105 918 1162; x_wconf 87' lang='lat' dir='ltr'><strong>aedes</strong></span> <span class='ocrx_word' id='word_1_106' title='bbox 931 1117 964 1163; x_wconf 86' lang='lat' dir='ltr'><strong>aa</strong></span> <span class='ocrx_word' id='word_1_107' title='bbox 1015 1102 1054 1160; x_wconf 89' lang='lat' dir='ltr'><strong>sls</strong></span> <span class='ocrx_word' id='word_1_108' title='bbox 1067 1102 1431 1175; x_wconf 83' lang='lat' dir='ltr'><strong>cursitationibus,injuriis,</strong></span> <span class='ocrx_word' id='word_1_109' title='bbox 1454 1112 1481 1161; x_wconf 94' lang='lat' dir='ltr'><strong>et</strong></span> <span class='ocrx_word' id='word_1_110' title='bbox 1500 1108 1626 1175; x_wconf 79' lang='lat' dir='ltr'><strong>appensis</strong></span> <span class='ocrx_word' id='word_1_111' title='bbox 1640 1109 1725 1165; x_wconf 89' lang='lat' dir='ltr'><strong>instar</strong></span> <span class='ocrx_word' id='word_1_112' title='bbox 1737 1109 1816 1179; x_wconf 90' lang='lat' dir='ltr'><strong>lupa-</strong></span> 
     </span>
     <span class='ocr_line' id='line_1_10' title="bbox 162 1193 1816 1268; baseline 0.006 -19"><span class='ocrx_word' id='word_1_113' title='bbox 162 1193 268 1249; x_wconf 83' lang='lat' dir='ltr'><strong>stttoa&#39;s</strong></span> <span class='ocrx_word' id='word_1_114' title='bbox 281 1195 341 1251; x_wconf 91' lang='lat' dir='ltr'><strong>sine</strong></span> <span class='ocrx_word' id='word_1_115' title='bbox 358 1210 539 1253; x_wconf 72' lang='lat' dir='ltr'><strong>caesareorum</strong></span> <span class='ocrx_word' id='word_1_116' title='bbox 564 1195 678 1252; x_wconf 90' lang='lat' dir='ltr'><strong>militum</strong></span> <span class='ocrx_word' id='word_1_117' title='bbox 696 1196 895 1255; x_wconf 82' lang='lat' dir='ltr'><strong>excubiistueri</strong></span> <span class='ocrx_word' id='word_1_118' title='bbox 909 1214 963 1255; x_wconf 94' lang='lat' dir='ltr'><strong>non</strong></span> <span class='ocrx_word' id='word_1_119' title='bbox 1015 1196 1121 1251; x_wconf 89' lang='lat' dir='ltr'><strong>narium</strong></span> <span class='ocrx_word' id='word_1_120' title='bbox 1141 1195 1174 1252; x_wconf 91' lang='lat' dir='ltr'><strong>ad</strong></span> <span class='ocrx_word' id='word_1_121' title='bbox 1197 1196 1339 1253; x_wconf 91' lang='lat' dir='ltr'><strong>domorum</strong></span> <span class='ocrx_word' id='word_1_122' title='bbox 1357 1207 1446 1268; x_wconf 87' lang='lat' dir='ltr'><strong>postes</strong></span> <span class='ocrx_word' id='word_1_123' title='bbox 1460 1198 1557 1255; x_wconf 90' lang='lat' dir='ltr'><strong>laureis</strong></span> <span class='ocrx_word' id='word_1_124' title='bbox 1571 1214 1604 1255; x_wconf 89' lang='lat' dir='ltr'><strong>ac</strong></span> <span class='ocrx_word' id='word_1_125' title='bbox 1616 1200 1743 1259; x_wconf 87' lang='lat' dir='ltr'><strong>lucentis.</strong></span> <span class='ocrx_word' id='word_1_126' title='bbox 1758 1202 1816 1259; x_wconf 89' lang='lat' dir='ltr'><strong>lluc</strong></span> 
     </span>
     <span class='ocr_line' id='line_1_11' title="bbox 163 1286 1815 1365; baseline 0.006 -24"><span class='ocrx_word' id='word_1_127' title='bbox 163 1286 277 1343; x_wconf 75' lang='lat' dir='ltr'><strong>velent?</strong></span> <span class='ocrx_word' id='word_1_128' title='bbox 290 1287 362 1357; x_wconf 74' lang='lat' dir='ltr'><strong>Quid</strong></span> <span class='ocrx_word' id='word_1_129' title='bbox 376 1304 452 1356; x_wconf 87' lang='lat' dir='ltr'><strong>rere,</strong></span> <span class='ocrx_word' id='word_1_130' title='bbox 468 1288 540 1360; x_wconf 76' lang='lat' dir='ltr'><strong>quod</strong></span> <span class='ocrx_word' id='word_1_131' title='bbox 552 1288 654 1361; x_wconf 86' lang='lat' dir='ltr'><strong>templa</strong></span> <span class='ocrx_word' id='word_1_132' title='bbox 665 1296 694 1345; x_wconf 88' lang='lat' dir='ltr'><strong>et</strong></span> <span class='ocrx_word' id='word_1_133' title='bbox 705 1288 743 1345; x_wconf 91' lang='lat' dir='ltr'><strong>dii</strong></span> <span class='ocrx_word' id='word_1_134' title='bbox 757 1290 834 1346; x_wconf 91' lang='lat' dir='ltr'><strong>multi</strong></span> <span class='ocrx_word' id='word_1_135' title='bbox 845 1290 964 1362; x_wconf 90' lang='lat' dir='ltr'><strong>pendent</strong></span> <span class='ocrx_word' id='word_1_136' title='bbox 1014 1286 1120 1344; x_wconf 87' lang='lat' dir='ltr'><strong>accedit</strong></span> <span class='ocrx_word' id='word_1_137' title='bbox 1139 1288 1212 1359; x_wconf 78' lang='lat' dir='ltr'><strong>quod</strong></span> <span class='ocrx_word' id='word_1_138' title='bbox 1228 1288 1285 1345; x_wconf 74' lang='lat' dir='ltr'><strong>haec</strong></span> <span class='ocrx_word' id='word_1_139' title='bbox 1298 1288 1376 1355; x_wconf 72' lang='lat' dir='ltr'><strong>‚leste</strong></span> <span class='ocrx_word' id='word_1_140' title='bbox 1391 1289 1522 1346; x_wconf 90' lang='lat' dir='ltr'><strong>solemnia</strong></span> <span class='ocrx_word' id='word_1_141' title='bbox 1536 1300 1657 1363; x_wconf 86' lang='lat' dir='ltr'><strong>agentes,</strong></span> <span class='ocrx_word' id='word_1_142' title='bbox 1673 1308 1727 1348; x_wconf 94' lang='lat' dir='ltr'><strong>non</strong></span> <span class='ocrx_word' id='word_1_143' title='bbox 1747 1294 1815 1365; x_wconf 86' lang='lat' dir='ltr'><strong>ipsis</strong></span> 
     </span>
     <span class='ocr_line' id='line_1_12' title="bbox 162 1370 1817 1456; baseline 0.007 -19"><span class='ocrx_word' id='word_1_144' title='bbox 162 1380 198 1437; x_wconf 88' lang='lat' dir='ltr'><strong>tle</strong></span> <span class='ocrx_word' id='word_1_145' title='bbox 208 1370 324 1439; x_wconf 76' lang='lat' dir='ltr'><strong>Caesaris</strong></span> <span class='ocrx_word' id='word_1_146' title='bbox 336 1392 402 1440; x_wconf 87' lang='lat' dir='ltr'><strong>uutu</strong></span> <span class='ocrx_word' id='word_1_147' title='bbox 412 1397 444 1440; x_wconf 91' lang='lat' dir='ltr'><strong>ac</strong></span> <span class='ocrx_word' id='word_1_148' title='bbox 457 1382 613 1440; x_wconf 74' lang='lat' dir='ltr'><strong>vuluntate?</strong></span> <span class='ocrx_word' id='word_1_149' title='bbox 624 1384 715 1455; x_wconf 85' lang='lat' dir='ltr'><strong>ltaque</strong></span> <span class='ocrx_word' id='word_1_150' title='bbox 728 1383 867 1440; x_wconf 83' lang='lat' dir='ltr'><strong>christiani</strong></span> <span class='ocrx_word' id='word_1_151' title='bbox 878 1386 964 1441; x_wconf 92' lang='lat' dir='ltr'><strong>multo</strong></span> <span class='ocrx_word' id='word_1_152' title='bbox 1016 1382 1162 1451; x_wconf 74' lang='lat' dir='ltr'><strong>parcebant</strong></span> <span class='ocrx_word' id='word_1_153' title='bbox 1190 1383 1417 1454; x_wconf 68' lang='lat' dir='ltr'><strong>imperatoribus.</strong></span> <span class='ocrx_word' id='word_1_154' title='bbox 1441 1384 1615 1455; x_wconf 72' lang='lat' dir='ltr'><strong>quibuscum</strong></span> <span class='ocrx_word' id='word_1_155' title='bbox 1644 1386 1735 1456; x_wconf 75' lang='lat' dir='ltr'><strong>blatea</strong></span> <span class='ocrx_word' id='word_1_156' title='bbox 1755 1387 1817 1443; x_wconf 78' lang='lat' dir='ltr'><strong>vitae</strong></span> 
     </span>
     <span class='ocr_line' id='line_1_13' title="bbox 163 1472 1817 1551; baseline 0.005 -25"><span class='ocrx_word' id='word_1_157' title='bbox 163 1472 264 1543; x_wconf 85' lang='lat' dir='ltr'><strong>potiori</strong></span> <span class='ocrx_word' id='word_1_158' title='bbox 278 1474 341 1543; x_wconf 76' lang='lat' dir='ltr'><strong>iure</strong></span> <span class='ocrx_word' id='word_1_159' title='bbox 364 1488 414 1545; x_wconf 90' lang='lat' dir='ltr'><strong>pro</strong></span> <span class='ocrx_word' id='word_1_160' title='bbox 436 1474 608 1545; x_wconf 84' lang='lat' dir='ltr'><strong>imperaturis</strong></span> <span class='ocrx_word' id='word_1_161' title='bbox 621 1475 709 1531; x_wconf 80' lang='lat' dir='ltr'><strong>saline</strong></span> <span class='ocrx_word' id='word_1_162' title='bbox 722 1487 775 1530; x_wconf 87' lang='lat' dir='ltr'><strong>uon</strong></span> <span class='ocrx_word' id='word_1_163' title='bbox 799 1475 881 1533; x_wconf 84' lang='lat' dir='ltr'><strong>lalsos</strong></span> <span class='ocrx_word' id='word_1_164' title='bbox 900 1476 963 1533; x_wconf 83' lang='lat' dir='ltr'><strong>ilios</strong></span> <span class='ocrx_word' id='word_1_165' title='bbox 1014 1487 1102 1530; x_wconf 90' lang='lat' dir='ltr'><strong>annos</strong></span> <span class='ocrx_word' id='word_1_166' title='bbox 1126 1474 1193 1531; x_wconf 86' lang='lat' dir='ltr'><strong>laiso</strong></span> <span class='ocrx_word' id='word_1_167' title='bbox 1215 1476 1353 1545; x_wconf 87' lang='lat' dir='ltr'><strong>optabant,</strong></span> <span class='ocrx_word' id='word_1_168' title='bbox 1375 1486 1431 1533; x_wconf 91' lang='lat' dir='ltr'><strong>tum</strong></span> <span class='ocrx_word' id='word_1_169' title='bbox 1452 1476 1487 1534; x_wconf 90' lang='lat' dir='ltr'><strong>de</strong></span> <span class='ocrx_word' id='word_1_170' title='bbox 1501 1477 1555 1534; x_wconf 90' lang='lat' dir='ltr'><strong>alio</strong></span> <span class='ocrx_word' id='word_1_171' title='bbox 1570 1493 1641 1535; x_wconf 85' lang='lat' dir='ltr'><strong>nouo</strong></span> <span class='ocrx_word' id='word_1_172' title='bbox 1662 1477 1817 1551; x_wconf 74' lang='lat' dir='ltr'><strong>cogitabant</strong></span> 
     </span>
     <span class='ocr_line' id='line_1_14' title="bbox 161 1550 1319 1642; baseline 0.007 -22"><span class='ocrx_word' id='word_1_173' title='bbox 161 1563 238 1631; x_wconf 86' lang='lat' dir='ltr'><strong>deos,</strong></span> <span class='ocrx_word' id='word_1_174' title='bbox 254 1565 303 1622; x_wconf 87' lang='lat' dir='ltr'><strong>sed</strong></span> <span class='ocrx_word' id='word_1_175' title='bbox 327 1566 412 1623; x_wconf 82' lang='lat' dir='ltr'><strong>licum</strong></span> <span class='ocrx_word' id='word_1_176' title='bbox 438 1550 542 1634; x_wconf 75' lang='lat' dir='ltr'><strong>verum,</strong></span> <span class='ocrx_word' id='word_1_177' title='bbox 556 1569 657 1632; x_wconf 86' lang='lat' dir='ltr'><strong>virum,</strong></span> <span class='ocrx_word' id='word_1_178' title='bbox 677 1576 705 1623; x_wconf 87' lang='lat' dir='ltr'><strong>et</strong></span> <span class='ocrx_word' id='word_1_179' title='bbox 719 1578 849 1626; x_wconf 82' lang='lat' dir='ltr'><strong>aeternum</strong></span> <span class='ocrx_word' id='word_1_180' title='bbox 869 1584 964 1641; x_wconf 86' lang='lat' dir='ltr'><strong>preca·</strong></span> <span class='ocrx_word' id='word_1_181' title='bbox 1013 1568 1133 1627; x_wconf 89' lang='lat' dir='ltr'><strong>creando</strong></span> <span class='ocrx_word' id='word_1_182' title='bbox 1146 1570 1319 1642; x_wconf 84' lang='lat' dir='ltr'><strong>imperatore.</strong></span> 
     </span>
    </p>

    <p class='ocr_par' dir='ltr' id='par_1_3' title="bbox 160 1656 1904 2294">
     <span class='ocr_line' id='line_1_15' title="bbox 160 1656 1904 1737; baseline 0.007 -24"><span class='ocrx_word' id='word_1_183' title='bbox 160 1656 270 1713; x_wconf 84' lang='lat' dir='ltr'><strong>bantur.</strong></span> <span class='ocrx_word' id='word_1_184' title='bbox 285 1658 353 1714; x_wconf 85' lang='lat' dir='ltr'><strong>llam</strong></span> <span class='ocrx_word' id='word_1_185' title='bbox 370 1669 398 1716; x_wconf 92' lang='lat' dir='ltr'><strong>et</strong></span> <span class='ocrx_word' id='word_1_186' title='bbox 412 1661 519 1731; x_wconf 77' lang='lat' dir='ltr'><strong>ipsimet</strong></span> <span class='ocrx_word' id='word_1_187' title='bbox 532 1661 719 1733; x_wconf 87' lang='lat' dir='ltr'><strong>imperatores,</strong></span> <span class='ocrx_word' id='word_1_188' title='bbox 734 1664 756 1717; x_wconf 89' lang='lat' dir='ltr'><strong>si</strong></span> <span class='ocrx_word' id='word_1_189' title='bbox 771 1678 854 1719; x_wconf 79' lang='lat' dir='ltr'><strong>sonae·</strong></span> <span class='ocrx_word' id='word_1_190' title='bbox 864 1665 963 1721; x_wconf 87' lang='lat' dir='ltr'><strong>montis</strong></span> <span class='ocrx_word' id='word_1_191' title='bbox 1050 1662 1143 1735; x_wconf 86' lang='lat' dir='ltr'><strong>Neque</strong></span> <span class='ocrx_word' id='word_1_192' title='bbox 1154 1664 1217 1720; x_wconf 81' lang='lat' dir='ltr'><strong>siniit</strong></span> <span class='ocrx_word' id='word_1_193' title='bbox 1230 1676 1324 1721; x_wconf 89' lang='lat' dir='ltr'><strong>auctor</strong></span> <span class='ocrx_word' id='word_1_194' title='bbox 1334 1675 1424 1722; x_wconf 88' lang='lat' dir='ltr'><strong>noster</strong></span> <span class='ocrx_word' id='word_1_195' title='bbox 1434 1665 1485 1721; x_wconf 89' lang='lat' dir='ltr'><strong>sibi</strong></span> <span class='ocrx_word' id='word_1_196' title='bbox 1497 1666 1654 1737; x_wconf 88' lang='lat' dir='ltr'><strong>responderi</strong></span> <span class='ocrx_word' id='word_1_197' title='bbox 1671 1665 1728 1723; x_wconf 77' lang='lat' dir='ltr'><strong>baec</strong></span> <span class='ocrx_word' id='word_1_198' title='bbox 1750 1669 1815 1725; x_wconf 74' lang='lat' dir='ltr'><strong>casei</strong></span> <span class='ocrx_word' id='word_1_199' title='bbox 1903 1660 1904 1663; x_wconf 50' lang='lat'>&#39;</span> 
     </span>
     <span class='ocr_line' id='line_1_16' title="bbox 161 1750 1813 1830; baseline 0.004 -23"><span class='ocrx_word' id='word_1_200' title='bbox 161 1752 228 1819; x_wconf 90' lang='lat' dir='ltr'><strong>sim,</strong></span> <span class='ocrx_word' id='word_1_201' title='bbox 243 1750 315 1808; x_wconf 87' lang='lat' dir='ltr'><strong>bunc</strong></span> <span class='ocrx_word' id='word_1_202' title='bbox 329 1752 381 1809; x_wconf 90' lang='lat' dir='ltr'><strong>sibl</strong></span> <span class='ocrx_word' id='word_1_203' title='bbox 394 1762 490 1823; x_wconf 90' lang='lat' dir='ltr'><strong>optant</strong></span> <span class='ocrx_word' id='word_1_204' title='bbox 508 1768 570 1811; x_wconf 88' lang='lat' dir='ltr'><strong>esse</strong></span> <span class='ocrx_word' id='word_1_205' title='bbox 591 1754 749 1826; x_wconf 90' lang='lat' dir='ltr'><strong>propitium,</strong></span> <span class='ocrx_word' id='word_1_206' title='bbox 763 1771 843 1827; x_wconf 84' lang='lat' dir='ltr'><strong>aquo</strong></span> <span class='ocrx_word' id='word_1_207' title='bbox 861 1755 962 1812; x_wconf 90' lang='lat' dir='ltr'><strong>babent</strong></span> <span class='ocrx_word' id='word_1_208' title='bbox 1014 1768 1119 1815; x_wconf 92' lang='lat' dir='ltr'><strong>tantum</strong></span> <span class='ocrx_word' id='word_1_209' title='bbox 1134 1768 1162 1815; x_wconf 89' lang='lat' dir='ltr'><strong>et</strong></span> <span class='ocrx_word' id='word_1_210' title='bbox 1175 1758 1270 1830; x_wconf 81' lang='lat' dir='ltr'><strong>ingrati</strong></span> <span class='ocrx_word' id='word_1_211' title='bbox 1285 1759 1357 1829; x_wconf 79' lang='lat' dir='ltr'><strong>artigi</strong></span> <span class='ocrx_word' id='word_1_212' title='bbox 1372 1775 1432 1816; x_wconf 87' lang='lat' dir='ltr'><strong>esse</strong></span> <span class='ocrx_word' id='word_1_213' title='bbox 1447 1768 1521 1829; x_wconf 83' lang='lat' dir='ltr'><strong>uota,</strong></span> <span class='ocrx_word' id='word_1_214' title='bbox 1536 1774 1589 1816; x_wconf 91' lang='lat' dir='ltr'><strong>uon</strong></span> <span class='ocrx_word' id='word_1_215' title='bbox 1609 1774 1673 1817; x_wconf 85' lang='lat' dir='ltr'><strong>tero</strong></span> <span class='ocrx_word' id='word_1_216' title='bbox 1687 1762 1813 1819; x_wconf 86' lang='lat' dir='ltr'><strong>aliorum.</strong></span> 
     </span>
     <span class='ocr_line' id='line_1_17' title="bbox 161 1844 1816 1925; baseline 0.007 -25"><span class='ocrx_word' id='word_1_217' title='bbox 161 1844 234 1916; x_wconf 78' lang='lat' dir='ltr'><strong>quod</strong></span> <span class='ocrx_word' id='word_1_218' title='bbox 248 1845 372 1902; x_wconf 88' lang='lat' dir='ltr'><strong>bomines</strong></span> <span class='ocrx_word' id='word_1_219' title='bbox 394 1848 459 1915; x_wconf 93' lang='lat' dir='ltr'><strong>sint,</strong></span> <span class='ocrx_word' id='word_1_220' title='bbox 471 1848 543 1918; x_wconf 88' lang='lat' dir='ltr'><strong>quod</strong></span> <span class='ocrx_word' id='word_1_221' title='bbox 564 1849 666 1916; x_wconf 82' lang='lat' dir='ltr'><strong>vivant,</strong></span> <span class='ocrx_word' id='word_1_222' title='bbox 686 1848 759 1920; x_wconf 84' lang='lat' dir='ltr'><strong>qtrod</strong></span> <span class='ocrx_word' id='word_1_223' title='bbox 771 1848 832 1905; x_wconf 90' lang='lat' dir='ltr'><strong>aliis</strong></span> <span class='ocrx_word' id='word_1_224' title='bbox 848 1850 964 1906; x_wconf 85' lang='lat' dir='ltr'><strong>ltorniui·</strong></span> <span class='ocrx_word' id='word_1_225' title='bbox 977 1854 1001 1915; x_wconf 83' lang='grc' dir='ltr'><strong>Β</strong></span> <span class='ocrx_word' id='word_1_226' title='bbox 1015 1848 1074 1907; x_wconf 85' lang='grc' dir='ltr'>Νοιι</span> <span class='ocrx_word' id='word_1_227' title='bbox 1088 1852 1160 1906; x_wconf 90' lang='lat' dir='ltr'><strong>enim</strong></span> <span class='ocrx_word' id='word_1_228' title='bbox 1171 1850 1268 1921; x_wconf 92' lang='lat' dir='ltr'><strong>plebeii</strong></span> <span class='ocrx_word' id='word_1_229' title='bbox 1283 1850 1407 1907; x_wconf 89' lang='lat' dir='ltr'><strong>homines</strong></span> <span class='ocrx_word' id='word_1_230' title='bbox 1422 1862 1499 1908; x_wconf 87' lang='lat' dir='ltr'><strong>erant</strong></span> <span class='ocrx_word' id='word_1_231' title='bbox 1510 1852 1683 1909; x_wconf 78' lang='lat' dir='ltr'><strong>intensissimi</strong></span> <span class='ocrx_word' id='word_1_232' title='bbox 1699 1854 1816 1925; x_wconf 88' lang='lat' dir='ltr'><strong>impera·</strong></span> 
     </span>
     <span class='ocr_line' id='line_1_18' title="bbox 161 1936 1815 2018; baseline 0.005 -24"><span class='ocrx_word' id='word_1_233' title='bbox 161 1936 213 1994; x_wconf 85' lang='lat' dir='ltr'><strong>ltus</strong></span> <span class='ocrx_word' id='word_1_234' title='bbox 226 1938 368 2007; x_wconf 83' lang='lat' dir='ltr'><strong>imperent.</strong></span> <span class='ocrx_word' id='word_1_235' title='bbox 385 1936 544 1995; x_wconf 84' lang='lat' dir='ltr'><strong>Procerum</strong></span> <span class='ocrx_word' id='word_1_236' title='bbox 563 1937 645 2012; x_wconf 87' lang='lat' dir='ltr'><strong>igitur</strong></span> <span class='ocrx_word' id='word_1_237' title='bbox 656 1939 754 2015; x_wconf 87' lang='lat' dir='ltr'><strong>salute,</strong></span> <span class='ocrx_word' id='word_1_238' title='bbox 771 1942 960 2013; x_wconf 84' lang='lat' dir='ltr'><strong>prosperitate,</strong></span> <span class='ocrx_word' id='word_1_239' title='bbox 1013 1953 1103 2000; x_wconf 88' lang='lat' dir='ltr'><strong>torum</strong></span> <span class='ocrx_word' id='word_1_240' title='bbox 1117 1944 1207 2000; x_wconf 89' lang='lat' dir='ltr'><strong>bostes</strong></span> <span class='ocrx_word' id='word_1_241' title='bbox 1220 1943 1318 2013; x_wconf 84' lang='lat' dir='ltr'><strong>Cassii,</strong></span> <span class='ocrx_word' id='word_1_242' title='bbox 1329 1944 1415 2016; x_wconf 80' lang='lat' dir='ltr'><strong>Nigri,</strong></span> <span class='ocrx_word' id='word_1_243' title='bbox 1430 1944 1531 2013; x_wconf 84' lang='lat' dir='ltr'><strong>Albini,</strong></span> <span class='ocrx_word' id='word_1_244' title='bbox 1547 1962 1635 2017; x_wconf 78' lang='lat' dir='ltr'><strong>nerpue</strong></span> <span class='ocrx_word' id='word_1_245' title='bbox 1646 1947 1691 2002; x_wconf 87' lang='lat' dir='ltr'><strong>ulii</strong></span> <span class='ocrx_word' id='word_1_246' title='bbox 1704 1946 1815 2018; x_wconf 88' lang='lat' dir='ltr'><strong>Sigeriis</strong></span> 
     </span>
     <span class='ocr_line' id='line_1_19' title="bbox 162 2028 1816 2107; baseline 0.007 -24"><span class='ocrx_word' id='word_1_247' title='bbox 162 2029 216 2084; x_wconf 83' lang='lat' dir='ltr'><strong>rita</strong></span> <span class='ocrx_word' id='word_1_248' title='bbox 229 2028 352 2101; x_wconf 78' lang='lat' dir='ltr'><strong>longiori,</strong></span> <span class='ocrx_word' id='word_1_249' title='bbox 366 2030 548 2103; x_wconf 85' lang='lat' dir='ltr'><strong>diuturnoque</strong></span> <span class='ocrx_word' id='word_1_250' title='bbox 561 2032 679 2104; x_wconf 38' lang='lat' dir='ltr'><strong>animno,</strong></span> <span class='ocrx_word' id='word_1_251' title='bbox 685 2031 824 2089; x_wconf 85' lang='lat' dir='ltr'><strong>christiani</strong></span> <span class='ocrx_word' id='word_1_252' title='bbox 838 2033 962 2090; x_wconf 88' lang='lat' dir='ltr'><strong>manibus</strong></span> <span class='ocrx_word' id='word_1_253' title='bbox 1013 2045 1041 2093; x_wconf 88' lang='lat' dir='ltr'><strong>et</strong></span> <span class='ocrx_word' id='word_1_254' title='bbox 1051 2036 1203 2093; x_wconf 84' lang='lat' dir='ltr'><strong>Partheniis</strong></span> <span class='ocrx_word' id='word_1_255' title='bbox 1216 2037 1386 2104; x_wconf 78' lang='lat' dir='ltr'><strong>antistiores,</strong></span> <span class='ocrx_word' id='word_1_256' title='bbox 1400 2037 1445 2107; x_wconf 85' lang='lat' dir='ltr'><strong>qni</strong></span> <span class='ocrx_word' id='word_1_257' title='bbox 1461 2037 1530 2095; x_wconf 90' lang='lat' dir='ltr'><strong>inter</strong></span> <span class='ocrx_word' id='word_1_258' title='bbox 1544 2036 1612 2093; x_wconf 90' lang='lat' dir='ltr'><strong>duas</strong></span> <span class='ocrx_word' id='word_1_259' title='bbox 1625 2040 1713 2094; x_wconf 83' lang='lat' dir='ltr'><strong>iruuros</strong></span> <span class='ocrx_word' id='word_1_260' title='bbox 1726 2036 1816 2095; x_wconf 74' lang='lat' dir='ltr'><strong>Caesa·</strong></span> 
     </span>
     <span class='ocr_line' id='line_1_20' title="bbox 164 2121 1815 2201; baseline 0.007 -26"><span class='ocrx_word' id='word_1_261' title='bbox 164 2121 305 2190; x_wconf 78' lang='lat' dir='ltr'><strong>expansis,</strong></span> <span class='ocrx_word' id='word_1_262' title='bbox 320 2122 394 2177; x_wconf 91' lang='lat' dir='ltr'><strong>nodo</strong></span> <span class='ocrx_word' id='word_1_263' title='bbox 405 2124 579 2193; x_wconf 69' lang='lat' dir='ltr'><strong>capitesin&#39;e</strong></span> <span class='ocrx_word' id='word_1_264' title='bbox 598 2126 700 2194; x_wconf 84' lang='lat' dir='ltr'><strong>praevio</strong></span> <span class='ocrx_word' id='word_1_265' title='bbox 713 2125 847 2181; x_wconf 91' lang='lat' dir='ltr'><strong>monitore</strong></span> <span class='ocrx_word' id='word_1_266' title='bbox 862 2139 961 2197; x_wconf 86' lang='lat' dir='ltr'><strong>preces</strong></span> <span class='ocrx_word' id='word_1_267' title='bbox 1013 2145 1073 2185; x_wconf 89' lang='lat' dir='ltr'><strong>rem</strong></span> <span class='ocrx_word' id='word_1_268' title='bbox 1086 2128 1265 2197; x_wconf 87' lang='lat' dir='ltr'><strong>obsederunt;</strong></span> <span class='ocrx_word' id='word_1_269' title='bbox 1280 2146 1367 2201; x_wconf 81' lang='lat' dir='ltr'><strong>tneque</strong></span> <span class='ocrx_word' id='word_1_270' title='bbox 1380 2130 1398 2186; x_wconf 92' lang='lat' dir='ltr'><strong>ii</strong></span> <span class='ocrx_word' id='word_1_271' title='bbox 1413 2130 1531 2196; x_wconf 85' lang='lat' dir='ltr'><strong>tautdem,</strong></span> <span class='ocrx_word' id='word_1_272' title='bbox 1548 2130 1592 2201; x_wconf 77' lang='lat' dir='ltr'><strong>spui</strong></span> <span class='ocrx_word' id='word_1_273' title='bbox 1606 2129 1701 2186; x_wconf 86' lang='lat' dir='ltr'><strong>barum</strong></span> <span class='ocrx_word' id='word_1_274' title='bbox 1715 2132 1815 2187; x_wconf 85' lang='lat' dir='ltr'><strong>scelos-</strong></span> 
     </span>
     <span class='ocr_line' id='line_1_21' title="bbox 161 2210 1815 2294; baseline 0.007 -25"><span class='ocrx_word' id='word_1_275' title='bbox 161 2210 561 2288; x_wconf 88' lang='lat' dir='ltr'><strong>iuodebantdecarnepudica,</strong></span> <span class='ocrx_word' id='word_1_276' title='bbox 573 2218 716 2276; x_wconf 86' lang='lat' dir='ltr'><strong>innocente</strong></span> <span class='ocrx_word' id='word_1_277' title='bbox 726 2220 826 2288; x_wconf 90' lang='lat' dir='ltr'><strong>animo,</strong></span> <span class='ocrx_word' id='word_1_278' title='bbox 839 2233 872 2275; x_wconf 91' lang='lat' dir='ltr'><strong>ae</strong></span> <span class='ocrx_word' id='word_1_279' title='bbox 883 2233 962 2276; x_wconf 86' lang='lat' dir='ltr'><strong>sanc·</strong></span> <span class='ocrx_word' id='word_1_280' title='bbox 1013 2230 1102 2279; x_wconf 86' lang='lat' dir='ltr'><strong>tarum</strong></span> <span class='ocrx_word' id='word_1_281' title='bbox 1120 2223 1236 2292; x_wconf 88' lang='lat' dir='ltr'><strong>partium</strong></span> <span class='ocrx_word' id='word_1_282' title='bbox 1251 2223 1318 2278; x_wconf 91' lang='lat' dir='ltr'><strong>socii</strong></span> <span class='ocrx_word' id='word_1_283' title='bbox 1332 2232 1394 2279; x_wconf 89' lang='lat' dir='ltr'><strong>turn</strong></span> <span class='ocrx_word' id='word_1_284' title='bbox 1405 2222 1525 2294; x_wconf 84' lang='lat' dir='ltr'><strong>quotidie</strong></span> <span class='ocrx_word' id='word_1_285' title='bbox 1541 2222 1766 2294; x_wconf 79' lang='lat' dir='ltr'><strong>agnoscebantur.</strong></span> <span class='ocrx_word' id='word_1_286' title='bbox 1780 2225 1815 2280; x_wconf 83' lang='lat' dir='ltr'><strong>dt</strong></span> 
     </span>
    </p>
   </div>
   <div class='ocr_carea' id='block_1_3' title="bbox 126 2307 961 3042">
    <p class='ocr_par' dir='ltr' id='par_1_4' title="bbox 126 2307 961 3042">
     <span class='ocr_line' id='line_1_22' title="bbox 162 2307 959 2380; baseline 0.008 -17"><span class='ocrx_word' id='word_1_287' title='bbox 162 2307 301 2379; x_wconf 82' lang='lat' dir='ltr'><strong>tdSpiritu</strong></span> <span class='ocrx_word' id='word_1_288' title='bbox 313 2308 458 2380; x_wconf 86' lang='lat' dir='ltr'><strong>prolectas.</strong></span> <span class='ocrx_word' id='word_1_289' title='bbox 472 2310 527 2368; x_wconf 84' lang='lat' dir='ltr'><strong>Sed</strong></span> <span class='ocrx_word' id='word_1_290' title='bbox 542 2327 595 2369; x_wconf 90' lang='lat' dir='ltr'><strong>non</strong></span> <span class='ocrx_word' id='word_1_291' title='bbox 610 2311 772 2380; x_wconf 72' lang='lat' dir='ltr'><strong>offerebant,</strong></span> <span class='ocrx_word' id='word_1_292' title='bbox 786 2314 856 2369; x_wconf 91' lang='lat' dir='ltr'><strong>sicut</strong></span> <span class='ocrx_word' id='word_1_293' title='bbox 867 2313 959 2370; x_wconf 86' lang='lat' dir='ltr'><strong>etbui-</strong></span> 
     </span>
     <span class='ocr_line' id='line_1_23' title="bbox 161 2402 958 2479; baseline 0.001 -19"><span class='ocrx_word' id='word_1_294' title='bbox 161 2402 196 2470; x_wconf 87' lang='lat' dir='ltr'><strong>ci,</strong></span> <span class='ocrx_word' id='word_1_295' title='bbox 213 2416 295 2474; x_wconf 89' lang='lat' dir='ltr'><strong>grana</strong></span> <span class='ocrx_word' id='word_1_296' title='bbox 310 2405 389 2461; x_wconf 90' lang='lat' dir='ltr'><strong>unius</strong></span> <span class='ocrx_word' id='word_1_297' title='bbox 403 2406 484 2473; x_wconf 87' lang='lat' dir='ltr'><strong>assis,</strong></span> <span class='ocrx_word' id='word_1_298' title='bbox 500 2420 551 2463; x_wconf 90' lang='lat' dir='ltr'><strong>nec</strong></span> <span class='ocrx_word' id='word_1_299' title='bbox 563 2404 669 2462; x_wconf 86' lang='lat' dir='ltr'><strong>arboris</strong></span> <span class='ocrx_word' id='word_1_300' title='bbox 682 2406 805 2463; x_wconf 80' lang='lat' dir='ltr'><strong>arabice</strong></span> <span class='ocrx_word' id='word_1_301' title='bbox 815 2406 958 2479; x_wconf 78' lang='lat' dir='ltr'><strong>lacrymas,</strong></span> 
     </span>
     <span class='ocr_line' id='line_1_24' title="bbox 160 2497 961 2570; baseline 0.001 -14"><span class='ocrx_word' id='word_1_302' title='bbox 160 2512 212 2556; x_wconf 85' lang='lat' dir='ltr'><strong>nec</strong></span> <span class='ocrx_word' id='word_1_303' title='bbox 225 2501 383 2570; x_wconf 90' lang='lat' dir='ltr'><strong>sanguinem</strong></span> <span class='ocrx_word' id='word_1_304' title='bbox 407 2498 484 2555; x_wconf 86' lang='lat' dir='ltr'><strong>boris</strong></span> <span class='ocrx_word' id='word_1_305' title='bbox 512 2499 585 2558; x_wconf 92' lang='lat' dir='ltr'><strong>tabie</strong></span> <span class='ocrx_word' id='word_1_306' title='bbox 607 2508 654 2556; x_wconf 94' lang='lat' dir='ltr'><strong>aut</strong></span> <span class='ocrx_word' id='word_1_307' title='bbox 676 2508 756 2556; x_wconf 81' lang='lat' dir='ltr'><strong>aetate</strong></span> <span class='ocrx_word' id='word_1_308' title='bbox 771 2497 896 2568; x_wconf 88' lang='lat' dir='ltr'><strong>conlecti,</strong></span> <span class='ocrx_word' id='word_1_309' title='bbox 911 2514 961 2557; x_wconf 87' lang='lat' dir='ltr'><strong>nee</strong></span> 
     </span>
     <span class='ocr_line' id='line_1_25' title="bbox 160 2593 961 2663; baseline 0.004 -16"><span class='ocrx_word' id='word_1_310' title='bbox 160 2604 286 2663; x_wconf 88' lang='lat' dir='ltr'><strong>spurcam</strong></span> <span class='ocrx_word' id='word_1_311' title='bbox 299 2593 503 2663; x_wconf 88' lang='lat' dir='ltr'><strong>conscientiam,</strong></span> <span class='ocrx_word' id='word_1_312' title='bbox 516 2603 563 2650; x_wconf 92' lang='lat' dir='ltr'><strong>aut</strong></span> <span class='ocrx_word' id='word_1_313' title='bbox 580 2594 683 2650; x_wconf 81' lang='lat' dir='ltr'><strong>boetius</strong></span> <span class='ocrx_word' id='word_1_314' title='bbox 693 2609 708 2651; x_wconf 91' lang='lat' dir='ltr'><strong>a</strong></span> <span class='ocrx_word' id='word_1_315' title='bbox 720 2593 901 2650; x_wconf 81' lang='lat' dir='ltr'><strong>vitiosissimis</strong></span> <span class='ocrx_word' id='word_1_316' title='bbox 915 2608 961 2650; x_wconf 90' lang='lat' dir='ltr'><strong>sa·</strong></span> 
     </span>
     <span class='ocr_line' id='line_1_26' title="bbox 161 2685 961 2758; baseline 0.001 -16"><span class='ocrx_word' id='word_1_317' title='bbox 161 2685 319 2745; x_wconf 78' lang='lat' dir='ltr'><strong>cernuatus</strong></span> <span class='ocrx_word' id='word_1_318' title='bbox 337 2685 499 2742; x_wconf 83' lang='lat' dir='ltr'><strong>immolatas.</strong></span> <span class='ocrx_word' id='word_1_319' title='bbox 516 2686 692 2743; x_wconf 85' lang='lat' dir='ltr'><strong>Etbnieorum</strong></span> <span class='ocrx_word' id='word_1_320' title='bbox 719 2688 811 2758; x_wconf 85' lang='lat' dir='ltr'><strong>itaque</strong></span> <span class='ocrx_word' id='word_1_321' title='bbox 829 2686 961 2757; x_wconf 78' lang='lat' dir='ltr'><strong>praesides</strong></span> 
     </span>
     <span class='ocr_line' id='line_1_27' title="bbox 126 2770 961 2853; baseline 0 -18"><span class='ocrx_word' id='word_1_322' title='bbox 126 2770 133 2787; x_wconf 86' lang='lat'>&#39;</span> <span class='ocrx_word' id='word_1_323' title='bbox 161 2786 293 2853; x_wconf 86' lang='lat' dir='ltr'><strong>prouocat</strong></span> <span class='ocrx_word' id='word_1_324' title='bbox 315 2778 515 2845; x_wconf 79' lang='lat' dir='ltr'><strong>Tertullianus,</strong></span> <span class='ocrx_word' id='word_1_325' title='bbox 541 2788 572 2836; x_wconf 93' lang='lat' dir='ltr'><strong>ut</strong></span> <span class='ocrx_word' id='word_1_326' title='bbox 595 2780 774 2846; x_wconf 86' lang='lat' dir='ltr'><strong>christianos,</strong></span> <span class='ocrx_word' id='word_1_327' title='bbox 799 2780 824 2836; x_wconf 94' lang='lat' dir='ltr'><strong>si</strong></span> <span class='ocrx_word' id='word_1_328' title='bbox 847 2779 887 2836; x_wconf 89' lang='lat' dir='ltr'><strong>las</strong></span> <span class='ocrx_word' id='word_1_329' title='bbox 911 2796 961 2835; x_wconf 93' lang='lat' dir='ltr'><strong>un·</strong></span> 
     </span>
     <span class='ocr_line' id='line_1_28' title="bbox 160 2873 961 2947; baseline 0.002 -16"><span class='ocrx_word' id='word_1_330' title='bbox 160 2890 242 2947; x_wconf 79' lang='lat' dir='ltr'><strong>quam</strong></span> <span class='ocrx_word' id='word_1_331' title='bbox 265 2875 318 2944; x_wconf 88' lang='lat' dir='ltr'><strong>sit,</strong></span> <span class='ocrx_word' id='word_1_332' title='bbox 342 2889 377 2932; x_wconf 90' lang='lat' dir='ltr'><strong>eo</strong></span> <span class='ocrx_word' id='word_1_333' title='bbox 398 2874 481 2932; x_wconf 90' lang='lat' dir='ltr'><strong>modo</strong></span> <span class='ocrx_word' id='word_1_334' title='bbox 507 2873 591 2931; x_wconf 62' lang='lat' dir='ltr'><strong>Mum</strong></span> <span class='ocrx_word' id='word_1_335' title='bbox 606 2889 655 2946; x_wconf 90' lang='lat' dir='ltr'><strong>pro</strong></span> <span class='ocrx_word' id='word_1_336' title='bbox 679 2874 852 2947; x_wconf 89' lang='lat' dir='ltr'><strong>imperatoris</strong></span> <span class='ocrx_word' id='word_1_337' title='bbox 872 2873 961 2933; x_wconf 84' lang='lat' dir='ltr'><strong>salute</strong></span> 
     </span>
     <span class='ocr_line' id='line_1_29' title="bbox 161 2963 960 3042; baseline -0.001 -18"><span class='ocrx_word' id='word_1_338' title='bbox 161 2963 302 3040; x_wconf 80' lang='lat' dir='ltr'><strong>precantes</strong></span> <span class='ocrx_word' id='word_1_339' title='bbox 324 2970 478 3040; x_wconf 87' lang='lat' dir='ltr'><strong>torqueant,</strong></span> <span class='ocrx_word' id='word_1_340' title='bbox 493 2968 669 3039; x_wconf 85' lang='lat' dir='ltr'><strong>discrucient,</strong></span> <span class='ocrx_word' id='word_1_341' title='bbox 691 2976 719 3026; x_wconf 90' lang='lat' dir='ltr'><strong>et</strong></span> <span class='ocrx_word' id='word_1_342' title='bbox 737 2967 862 3025; x_wconf 87' lang='lat' dir='ltr'><strong>occidant</strong></span> <span class='ocrx_word' id='word_1_343' title='bbox 883 2969 960 3042; x_wconf 84' lang='lat' dir='ltr'><strong>(cop.</strong></span> 
     </span>
    </p>
   </div>
   <div class='ocr_carea' id='block_1_4' title="bbox 1012 2316 1814 2852">
    <p class='ocr_par' dir='ltr' id='par_1_5' title="bbox 1012 2316 1814 2852">
     <span class='ocr_line' id='line_1_30' title="bbox 1013 2316 1812 2388; baseline 0.004 -17"><span class='ocrx_word' id='word_1_344' title='bbox 1013 2316 1058 2371; x_wconf 87' lang='lat' dir='ltr'><strong>isti</strong></span> <span class='ocrx_word' id='word_1_345' title='bbox 1074 2327 1162 2372; x_wconf 81' lang='lat' dir='ltr'><strong>tamen</strong></span> <span class='ocrx_word' id='word_1_346' title='bbox 1179 2332 1226 2388; x_wconf 89' lang='lat' dir='ltr'><strong>pro</strong></span> <span class='ocrx_word' id='word_1_347' title='bbox 1246 2318 1439 2387; x_wconf 88' lang='lat' dir='ltr'><strong>imperatorum</strong></span> <span class='ocrx_word' id='word_1_348' title='bbox 1463 2316 1549 2373; x_wconf 89' lang='lat' dir='ltr'><strong>salute</strong></span> <span class='ocrx_word' id='word_1_349' title='bbox 1562 2332 1638 2373; x_wconf 85' lang='lat' dir='ltr'><strong>saura</strong></span> <span class='ocrx_word' id='word_1_350' title='bbox 1665 2316 1812 2384; x_wconf 82' lang='lat' dir='ltr'><strong>iaciebant,</strong></span> 
     </span>
     <span class='ocr_line' id='line_1_31' title="bbox 1012 2408 1813 2481; baseline 0.004 -17"><span class='ocrx_word' id='word_1_351' title='bbox 1012 2422 1166 2481; x_wconf 87' lang='lat' dir='ltr'><strong>percorum</strong></span> <span class='ocrx_word' id='word_1_352' title='bbox 1180 2408 1337 2481; x_wconf 66' lang='lat' dir='ltr'><strong>dejerabant</strong></span> <span class='ocrx_word' id='word_1_353' title='bbox 1350 2410 1471 2481; x_wconf 85' lang='lat' dir='ltr'><strong>genium,</strong></span> <span class='ocrx_word' id='word_1_354' title='bbox 1486 2424 1518 2465; x_wconf 92' lang='lat' dir='ltr'><strong>ac</strong></span> <span class='ocrx_word' id='word_1_355' title='bbox 1531 2410 1661 2466; x_wconf 90' lang='lat' dir='ltr'><strong>solemnia</strong></span> <span class='ocrx_word' id='word_1_356' title='bbox 1674 2410 1752 2465; x_wconf 90' lang='lat' dir='ltr'><strong>sicuti</strong></span> <span class='ocrx_word' id='word_1_357' title='bbox 1767 2411 1813 2467; x_wconf 90' lang='lat' dir='ltr'><strong>alii</strong></span> 
     </span>
     <span class='ocr_line' id='line_1_32' title="bbox 1012 2500 1814 2583; baseline 0.001 -25"><span class='ocrx_word' id='word_1_358' title='bbox 1012 2516 1108 2559; x_wconf 85' lang='lat' dir='ltr'><strong>omnes</strong></span> <span class='ocrx_word' id='word_1_359' title='bbox 1123 2500 1304 2583; x_wconf 87' lang='lat' dir='ltr'><strong>celebrabant.</strong></span> <span class='ocrx_word' id='word_1_360' title='bbox 1317 2501 1418 2558; x_wconf 85' lang='lat' dir='ltr'><strong>Eadem</strong></span> <span class='ocrx_word' id='word_1_361' title='bbox 1433 2518 1540 2574; x_wconf 80' lang='lat' dir='ltr'><strong>ortoque</strong></span> <span class='ocrx_word' id='word_1_362' title='bbox 1552 2502 1740 2573; x_wconf 84' lang='lat' dir='ltr'><strong>dependebant</strong></span> <span class='ocrx_word' id='word_1_363' title='bbox 1753 2502 1814 2559; x_wconf 86' lang='lat' dir='ltr'><strong>olil-</strong></span> 
     </span>
     <span class='ocr_line' id='line_1_33' title="bbox 1012 2592 1814 2666; baseline 0.002 -17"><span class='ocrx_word' id='word_1_364' title='bbox 1012 2592 1053 2649; x_wconf 92' lang='lat' dir='ltr'><strong>cia</strong></span> <span class='ocrx_word' id='word_1_365' title='bbox 1075 2593 1213 2665; x_wconf 78' lang='lat' dir='ltr'><strong>astrologi,</strong></span> <span class='ocrx_word' id='word_1_366' title='bbox 1237 2594 1385 2665; x_wconf 89' lang='lat' dir='ltr'><strong>aruspices,</strong></span> <span class='ocrx_word' id='word_1_367' title='bbox 1401 2609 1526 2666; x_wconf 85' lang='lat' dir='ltr'><strong>augures,</strong></span> <span class='ocrx_word' id='word_1_368' title='bbox 1549 2594 1629 2666; x_wconf 88' lang='lat' dir='ltr'><strong>magi,</strong></span> <span class='ocrx_word' id='word_1_369' title='bbox 1645 2596 1692 2666; x_wconf 89' lang='lat' dir='ltr'><strong>qui</strong></span> <span class='ocrx_word' id='word_1_370' title='bbox 1712 2594 1814 2651; x_wconf 77' lang='lat' dir='ltr'><strong>damo-</strong></span> 
     </span>
     <span class='ocr_line' id='line_1_34' title="bbox 1013 2683 1812 2755; baseline 0.001 -15"><span class='ocrx_word' id='word_1_371' title='bbox 1013 2698 1078 2741; x_wconf 92' lang='lat' dir='ltr'><strong>num</strong></span> <span class='ocrx_word' id='word_1_372' title='bbox 1092 2683 1195 2741; x_wconf 91' lang='lat' dir='ltr'><strong>artibus</strong></span> <span class='ocrx_word' id='word_1_373' title='bbox 1209 2684 1243 2741; x_wconf 88' lang='lat' dir='ltr'><strong>de</strong></span> <span class='ocrx_word' id='word_1_374' title='bbox 1256 2686 1392 2741; x_wconf 78' lang='lat' dir='ltr'><strong>Caesarum</strong></span> <span class='ocrx_word' id='word_1_375' title='bbox 1411 2684 1499 2741; x_wconf 87' lang='lat' dir='ltr'><strong>lutura</strong></span> <span class='ocrx_word' id='word_1_376' title='bbox 1513 2692 1599 2743; x_wconf 90' lang='lat' dir='ltr'><strong>morte</strong></span> <span class='ocrx_word' id='word_1_377' title='bbox 1612 2685 1812 2755; x_wconf 88' lang='lat' dir='ltr'><strong>consultabant,</strong></span> 
     </span>
     <span class='ocr_line' id='line_1_35' title="bbox 1013 2776 1619 2852; baseline -0.007 -16"><span class='ocrx_word' id='word_1_378' title='bbox 1013 2778 1227 2851; x_wconf 81' lang='lat' dir='ltr'><strong>exoptabantque</strong></span> <span class='ocrx_word' id='word_1_379' title='bbox 1240 2792 1301 2835; x_wconf 90' lang='lat' dir='ltr'><strong>esse</strong></span> <span class='ocrx_word' id='word_1_380' title='bbox 1313 2779 1463 2851; x_wconf 84' lang='lat' dir='ltr'><strong>proximam</strong></span> <span class='ocrx_word' id='word_1_381' title='bbox 1480 2778 1548 2852; x_wconf 86' lang='lat' dir='ltr'><strong>(cup.</strong></span> <span class='ocrx_word' id='word_1_382' title='bbox 1561 2776 1619 2851; x_wconf 75' lang='lat'><strong>55).</strong></span> 
     </span>
    </p>
   </div>
   <div class='ocr_carea' id='block_1_5' title="bbox 1049 2872 1922 2955">
    <p class='ocr_par' dir='ltr' id='par_1_6' title="bbox 1049 2872 1922 2955">
     <span class='ocr_line' id='line_1_36' title="bbox 1049 2872 1922 2955; baseline 0 -26"><span class='ocrx_word' id='word_1_383' title='bbox 1049 2873 1142 2930; x_wconf 84' lang='lat' dir='ltr'><strong>Debita</strong></span> <span class='ocrx_word' id='word_1_384' title='bbox 1157 2888 1222 2945; x_wconf 87' lang='lat' dir='ltr'><strong>ergo</strong></span> <span class='ocrx_word' id='word_1_385' title='bbox 1242 2872 1450 2944; x_wconf 66' lang='lat' dir='ltr'><strong>innitereturibus</strong></span> <span class='ocrx_word' id='word_1_386' title='bbox 1465 2872 1548 2939; x_wconf 86' lang='lat' dir='ltr'><strong>ludes,</strong></span> <span class='ocrx_word' id='word_1_387' title='bbox 1564 2872 1649 2945; x_wconf 84' lang='lat' dir='ltr'><strong>pietas</strong></span> <span class='ocrx_word' id='word_1_388' title='bbox 1665 2883 1693 2931; x_wconf 89' lang='lat' dir='ltr'><strong>et</strong></span> <span class='ocrx_word' id='word_1_389' title='bbox 1716 2873 1813 2946; x_wconf 91' lang='lat' dir='ltr'><strong>religio</strong></span> <span class='ocrx_word' id='word_1_390' title='bbox 1915 2946 1922 2955; x_wconf 87' lang='lat'><strong>.</strong></span> 
     </span>
    </p>
   </div>
   <div class='ocr_carea' id='block_1_6' title="bbox 1013 2964 1813 3039">
    <p class='ocr_par' dir='ltr' id='par_1_7' title="bbox 1013 2964 1813 3039">
     <span class='ocr_line' id='line_1_37' title="bbox 1013 2964 1813 3039; baseline -0.003 -14"><span class='ocrx_word' id='word_1_391' title='bbox 1013 2982 1068 3025; x_wconf 88' lang='lat' dir='ltr'><strong>non</strong></span> <span class='ocrx_word' id='word_1_392' title='bbox 1088 2969 1115 3023; x_wconf 94' lang='lat' dir='ltr'><strong>in</strong></span> <span class='ocrx_word' id='word_1_393' title='bbox 1131 2967 1172 3023; x_wconf 85' lang='lat' dir='ltr'><strong>bia</strong></span> <span class='ocrx_word' id='word_1_394' title='bbox 1192 2964 1290 3023; x_wconf 84' lang='lat' dir='ltr'><strong>ciliciis</strong></span> <span class='ocrx_word' id='word_1_395' title='bbox 1302 2967 1437 3030; x_wconf 91' lang='lat' dir='ltr'><strong>consistit,</strong></span> <span class='ocrx_word' id='word_1_396' title='bbox 1455 2982 1515 3039; x_wconf 78' lang='lat' dir='ltr'><strong>quac</strong></span> <span class='ocrx_word' id='word_1_397' title='bbox 1529 2966 1564 3021; x_wconf 90' lang='lat' dir='ltr'><strong>ab</strong></span> <span class='ocrx_word' id='word_1_398' title='bbox 1580 2980 1674 3023; x_wconf 86' lang='lat' dir='ltr'><strong>eontm</strong></span> <span class='ocrx_word' id='word_1_399' title='bbox 1690 2964 1813 3025; x_wconf 83' lang='lat' dir='ltr'><strong>lucstibus</strong></span> 
     </span>
    </p>
   </div>
   <div class='ocr_carea' id='block_1_7' title="bbox 160 3055 959 3224">
    <p class='ocr_par' dir='ltr' id='par_1_8' title="bbox 160 3055 959 3224">
     <span class='ocr_line' id='line_1_38' title="bbox 160 3055 959 3224; baseline -0.005 -11"><span class='ocrx_word' id='word_1_400' title='bbox 160 3055 407 3224; x_wconf 49' lang='lat' dir='ltr'><strong>”offlam</strong></span> <span class='ocrx_word' id='word_1_401' title='bbox 427 3164 516 3212; x_wconf 89' lang='lat' dir='ltr'><strong>autem</strong></span> <span class='ocrx_word' id='word_1_402' title='bbox 531 3155 632 3221; x_wconf 87' lang='lat' dir='ltr'><strong>animo,</strong></span> <span class='ocrx_word' id='word_1_403' title='bbox 651 3168 702 3211; x_wconf 91' lang='lat' dir='ltr'><strong>nec</strong></span> <span class='ocrx_word' id='word_1_404' title='bbox 717 3152 780 3211; x_wconf 86' lang='lat' dir='ltr'><strong>licta</strong></span> <span class='ocrx_word' id='word_1_405' title='bbox 793 3152 959 3220; x_wconf 89' lang='lat' dir='ltr'><strong>adulatione,</strong></span> 
     </span>
    </p>
   </div>
   <div class='ocr_carea' id='block_1_8' title="bbox 161 3056 1869 3784">
    <p class='ocr_par' dir='ltr' id='par_1_9' title="bbox 161 3056 1869 3784">
     <span class='ocr_line' id='line_1_39' title="bbox 1012 3056 1813 3131; baseline -0.002 -15"><span class='ocrx_word' id='word_1_406' title='bbox 1012 3058 1112 3131; x_wconf 83' lang='lat' dir='ltr'><strong>saepius</strong></span> <span class='ocrx_word' id='word_1_407' title='bbox 1126 3056 1247 3114; x_wconf 83' lang='lat' dir='ltr'><strong>exbiberi</strong></span> <span class='ocrx_word' id='word_1_408' title='bbox 1263 3059 1318 3113; x_wconf 84' lang='lat' dir='ltr'><strong>visa</strong></span> <span class='ocrx_word' id='word_1_409' title='bbox 1333 3066 1405 3123; x_wconf 88' lang='lat' dir='ltr'><strong>sunt,</strong></span> <span class='ocrx_word' id='word_1_410' title='bbox 1418 3057 1465 3113; x_wconf 88' lang='lat' dir='ltr'><strong>sed</strong></span> <span class='ocrx_word' id='word_1_411' title='bbox 1481 3058 1509 3113; x_wconf 92' lang='lat' dir='ltr'><strong>in</strong></span> <span class='ocrx_word' id='word_1_412' title='bbox 1522 3056 1556 3114; x_wconf 89' lang='lat' dir='ltr'><strong>iis</strong></span> <span class='ocrx_word' id='word_1_413' title='bbox 1569 3056 1701 3125; x_wconf 89' lang='lat' dir='ltr'><strong>moribus,</strong></span> <span class='ocrx_word' id='word_1_414' title='bbox 1715 3072 1748 3115; x_wconf 84' lang='lat' dir='ltr'><strong>se</strong></span> <span class='ocrx_word' id='word_1_415' title='bbox 1762 3058 1813 3114; x_wconf 87' lang='lat' dir='ltr'><strong>bo·</strong></span> 
     </span>
     <span class='ocr_line' id='line_1_40' title="bbox 1012 3150 1814 3221; baseline 0 -14"><span class='ocrx_word' id='word_1_416' title='bbox 1012 3166 1056 3207; x_wconf 79' lang='lat' dir='ltr'><strong>nto</strong></span> <span class='ocrx_word' id='word_1_417' title='bbox 1068 3151 1166 3207; x_wconf 89' lang='lat' dir='ltr'><strong>mentis</strong></span> <span class='ocrx_word' id='word_1_418' title='bbox 1182 3150 1319 3221; x_wconf 91' lang='lat' dir='ltr'><strong>operibus,</strong></span> <span class='ocrx_word' id='word_1_419' title='bbox 1331 3165 1391 3221; x_wconf 81' lang='lat' dir='ltr'><strong>quae</strong></span> <span class='ocrx_word' id='word_1_420' title='bbox 1407 3150 1615 3221; x_wconf 83' lang='lat' dir='ltr'><strong>imperatoribus</strong></span> <span class='ocrx_word' id='word_1_421' title='bbox 1631 3159 1659 3207; x_wconf 92' lang='lat' dir='ltr'><strong>et</strong></span> <span class='ocrx_word' id='word_1_422' title='bbox 1682 3150 1742 3206; x_wconf 87' lang='lat' dir='ltr'><strong>aliis</strong></span> <span class='ocrx_word' id='word_1_423' title='bbox 1755 3165 1814 3207; x_wconf 92' lang='lat' dir='ltr'><strong>om-</strong></span> 
     </span>
     <span class='ocr_line' id='line_1_41' title="bbox 161 3242 1814 3322; baseline -0.005 -15"><span class='ocrx_word' id='word_1_424' title='bbox 161 3265 222 3322; x_wconf 75' lang='lat' dir='ltr'><strong>qua</strong></span> <span class='ocrx_word' id='word_1_425' title='bbox 239 3250 354 3306; x_wconf 89' lang='lat' dir='ltr'><strong>etbnicis</strong></span> <span class='ocrx_word' id='word_1_426' title='bbox 367 3263 426 3306; x_wconf 90' lang='lat' dir='ltr'><strong>eam</strong></span> <span class='ocrx_word' id='word_1_427' title='bbox 439 3248 630 3319; x_wconf 87' lang='lat' dir='ltr'><strong>objicientibus</strong></span> <span class='ocrx_word' id='word_1_428' title='bbox 642 3246 771 3319; x_wconf 88' lang='lat' dir='ltr'><strong>prodesse</strong></span> <span class='ocrx_word' id='word_1_429' title='bbox 787 3254 902 3317; x_wconf 87' lang='lat' dir='ltr'><strong>peterat,</strong></span> <span class='ocrx_word' id='word_1_430' title='bbox 921 3245 997 3317; x_wconf 82' lang='lat' dir='ltr'><strong>sicc</strong></span> <span class='ocrx_word' id='word_1_431' title='bbox 1014 3244 1092 3301; x_wconf 87' lang='lat' dir='ltr'><strong>nibus</strong></span> <span class='ocrx_word' id='word_1_432' title='bbox 1116 3242 1365 3312; x_wconf 87' lang='lat' dir='ltr'><strong>indiscriminatim,</strong></span> <span class='ocrx_word' id='word_1_433' title='bbox 1380 3244 1504 3316; x_wconf 89' lang='lat' dir='ltr'><strong>nullaque</strong></span> <span class='ocrx_word' id='word_1_434' title='bbox 1514 3244 1563 3299; x_wconf 89' lang='lat' dir='ltr'><strong>nisi</strong></span> <span class='ocrx_word' id='word_1_435' title='bbox 1577 3258 1592 3299; x_wconf 92' lang='lat' dir='ltr'><strong>a</strong></span> <span class='ocrx_word' id='word_1_436' title='bbox 1606 3244 1661 3301; x_wconf 86' lang='lat' dir='ltr'><strong>beo</strong></span> <span class='ocrx_word' id='word_1_437' title='bbox 1674 3252 1814 3316; x_wconf 84' lang='lat' dir='ltr'><strong>expectata</strong></span> 
     </span>
     <span class='ocr_line' id='line_1_42' title="bbox 161 3336 1813 3413; baseline -0.003 -14"><span class='ocrx_word' id='word_1_438' title='bbox 161 3342 248 3399; x_wconf 86' lang='lat' dir='ltr'><strong>licum</strong></span> <span class='ocrx_word' id='word_1_439' title='bbox 264 3342 477 3413; x_wconf 88' lang='lat' dir='ltr'><strong>omnipotentem</strong></span> <span class='ocrx_word' id='word_1_440' title='bbox 494 3347 683 3413; x_wconf 87' lang='lat' dir='ltr'><strong>precarentur,</strong></span> <span class='ocrx_word' id='word_1_441' title='bbox 707 3338 770 3395; x_wconf 88' lang='lat' dir='ltr'><strong>inde</strong></span> <span class='ocrx_word' id='word_1_442' title='bbox 788 3338 834 3395; x_wconf 90' lang='lat' dir='ltr'><strong>ille</strong></span> <span class='ocrx_word' id='word_1_443' title='bbox 847 3336 962 3394; x_wconf 85' lang='lat' dir='ltr'><strong>demon·</strong></span> <span class='ocrx_word' id='word_1_444' title='bbox 1012 3336 1138 3393; x_wconf 85' lang='lat' dir='ltr'><strong>mercede</strong></span> <span class='ocrx_word' id='word_1_445' title='bbox 1149 3336 1298 3407; x_wconf 80' lang='lat' dir='ltr'><strong>persolvas.</strong></span> <span class='ocrx_word' id='word_1_446' title='bbox 1311 3336 1346 3392; x_wconf 84' lang='lat' dir='ltr'><strong>tlt</strong></span> <span class='ocrx_word' id='word_1_447' title='bbox 1357 3336 1416 3393; x_wconf 88' lang='lat' dir='ltr'><strong>baec</strong></span> <span class='ocrx_word' id='word_1_448' title='bbox 1431 3338 1593 3409; x_wconf 82' lang='lat' dir='ltr'><strong>praestabant</strong></span> <span class='ocrx_word' id='word_1_449' title='bbox 1604 3337 1752 3401; x_wconf 83' lang='lat' dir='ltr'><strong>christiani.</strong></span> <span class='ocrx_word' id='word_1_450' title='bbox 1766 3336 1813 3409; x_wconf 88' lang='lat' dir='ltr'><strong>qui</strong></span> 
     </span>
     <span class='ocr_line' id='line_1_43' title="bbox 162 3426 1813 3504; baseline 0.001 -18"><span class='ocrx_word' id='word_1_451' title='bbox 162 3441 241 3501; x_wconf 84' lang='lat' dir='ltr'><strong>strat,</strong></span> <span class='ocrx_word' id='word_1_452' title='bbox 255 3432 326 3503; x_wconf 85' lang='lat' dir='ltr'><strong>quod</strong></span> <span class='ocrx_word' id='word_1_453' title='bbox 341 3432 426 3489; x_wconf 89' lang='lat' dir='ltr'><strong>saeris</strong></span> <span class='ocrx_word' id='word_1_454' title='bbox 437 3446 532 3488; x_wconf 89' lang='lat' dir='ltr'><strong>eorum</strong></span> <span class='ocrx_word' id='word_1_455' title='bbox 551 3430 659 3499; x_wconf 90' lang='lat' dir='ltr'><strong>litteris,</strong></span> <span class='ocrx_word' id='word_1_456' title='bbox 673 3439 739 3501; x_wconf 82' lang='lat' dir='ltr'><strong>quas</strong></span> <span class='ocrx_word' id='word_1_457' title='bbox 757 3444 815 3485; x_wconf 92' lang='lat' dir='ltr'><strong>non</strong></span> <span class='ocrx_word' id='word_1_458' title='bbox 838 3426 960 3483; x_wconf 88' lang='lat' dir='ltr'><strong>occulta·</strong></span> <span class='ocrx_word' id='word_1_459' title='bbox 1010 3432 1140 3504; x_wconf 83' lang='lat' dir='ltr'><strong>jubentur</strong></span> <span class='ocrx_word' id='word_1_460' title='bbox 1154 3432 1255 3488; x_wconf 90' lang='lat' dir='ltr'><strong>nemini</strong></span> <span class='ocrx_word' id='word_1_461' title='bbox 1269 3432 1339 3489; x_wconf 90' lang='lat' dir='ltr'><strong>male</strong></span> <span class='ocrx_word' id='word_1_462' title='bbox 1348 3432 1429 3497; x_wconf 87' lang='lat' dir='ltr'><strong>relic,</strong></span> <span class='ocrx_word' id='word_1_463' title='bbox 1442 3443 1488 3488; x_wconf 89' lang='lat' dir='ltr'><strong>aut</strong></span> <span class='ocrx_word' id='word_1_464' title='bbox 1499 3432 1597 3501; x_wconf 86' lang='lat' dir='ltr'><strong>lacere,</strong></span> <span class='ocrx_word' id='word_1_465' title='bbox 1609 3432 1643 3487; x_wconf 90' lang='lat' dir='ltr'><strong>dc</strong></span> <span class='ocrx_word' id='word_1_466' title='bbox 1656 3432 1729 3487; x_wconf 90' lang='lat' dir='ltr'><strong>nullo</strong></span> <span class='ocrx_word' id='word_1_467' title='bbox 1742 3432 1813 3489; x_wconf 88' lang='lat' dir='ltr'><strong>male</strong></span> 
     </span>
     <span class='ocr_line' id='line_1_44' title="bbox 162 3518 1813 3597; baseline -0.001 -16"><span class='ocrx_word' id='word_1_468' title='bbox 162 3525 238 3593; x_wconf 90' lang='lat' dir='ltr'><strong>bant,</strong></span> <span class='ocrx_word' id='word_1_469' title='bbox 251 3524 376 3580; x_wconf 91' lang='lat' dir='ltr'><strong>omnibus</strong></span> <span class='ocrx_word' id='word_1_470' title='bbox 406 3524 555 3597; x_wconf 75' lang='lat' dir='ltr'><strong>recipitur,</strong></span> <span class='ocrx_word' id='word_1_471' title='bbox 569 3532 600 3581; x_wconf 91' lang='lat' dir='ltr'><strong>ut</strong></span> <span class='ocrx_word' id='word_1_472' title='bbox 613 3538 668 3580; x_wconf 90' lang='lat' dir='ltr'><strong>non</strong></span> <span class='ocrx_word' id='word_1_473' title='bbox 681 3522 769 3579; x_wconf 90' lang='lat' dir='ltr'><strong>solum</strong></span> <span class='ocrx_word' id='word_1_474' title='bbox 782 3534 831 3592; x_wconf 90' lang='lat' dir='ltr'><strong>pro</strong></span> <span class='ocrx_word' id='word_1_475' title='bbox 845 3518 962 3576; x_wconf 88' lang='lat' dir='ltr'><strong>inimicis</strong></span> <span class='ocrx_word' id='word_1_476' title='bbox 1013 3524 1143 3596; x_wconf 83' lang='lat' dir='ltr'><strong>cogitare,</strong></span> <span class='ocrx_word' id='word_1_477' title='bbox 1158 3522 1293 3580; x_wconf 91' lang='lat' dir='ltr'><strong>neminem</strong></span> <span class='ocrx_word' id='word_1_478' title='bbox 1315 3524 1413 3591; x_wconf 84' lang='lat' dir='ltr'><strong>odisse,</strong></span> <span class='ocrx_word' id='word_1_479' title='bbox 1429 3523 1542 3597; x_wconf 90' lang='lat' dir='ltr'><strong>diligere</strong></span> <span class='ocrx_word' id='word_1_480' title='bbox 1557 3524 1690 3591; x_wconf 88' lang='lat' dir='ltr'><strong>inimicos,</strong></span> <span class='ocrx_word' id='word_1_481' title='bbox 1706 3538 1738 3581; x_wconf 90' lang='lat' dir='ltr'><strong>ac</strong></span> <span class='ocrx_word' id='word_1_482' title='bbox 1751 3540 1813 3580; x_wconf 89' lang='lat' dir='ltr'><strong>cum</strong></span> 
     </span>
     <span class='ocr_line' id='line_1_45' title="bbox 163 3540 1814 3691; baseline -0.002 -14"><span class='ocrx_word' id='word_1_483' title='bbox 163 3620 231 3686; x_wconf 85' lang='lat' dir='ltr'><strong>suis,</strong></span> <span class='ocrx_word' id='word_1_484' title='bbox 245 3622 294 3676; x_wconf 83' lang='lat' dir='ltr'><strong>sati</strong></span> <span class='ocrx_word' id='word_1_485' title='bbox 314 3635 363 3690; x_wconf 91' lang='lat' dir='ltr'><strong>pro</strong></span> <span class='ocrx_word' id='word_1_486' title='bbox 373 3540 448 3691; x_wconf 37' lang='lat' dir='ltr'><strong>{pais</strong></span> <span class='ocrx_word' id='word_1_487' title='bbox 469 3619 552 3676; x_wconf 90' lang='lat' dir='ltr'><strong>etiam</strong></span> <span class='ocrx_word' id='word_1_488' title='bbox 571 3617 731 3675; x_wconf 81' lang='lat' dir='ltr'><strong>nominatim</strong></span> <span class='ocrx_word' id='word_1_489' title='bbox 753 3614 963 3687; x_wconf 82' lang='lat' dir='ltr'><strong>imperatoribus</strong></span> <span class='ocrx_word' id='word_1_490' title='bbox 1014 3614 1158 3685; x_wconf 80' lang='lat' dir='ltr'><strong>laeduntur,</strong></span> <span class='ocrx_word' id='word_1_491' title='bbox 1173 3630 1222 3687; x_wconf 89' lang='lat' dir='ltr'><strong>par</strong></span> <span class='ocrx_word' id='word_1_492' title='bbox 1237 3618 1293 3687; x_wconf 91' lang='lat' dir='ltr'><strong>pari</strong></span> <span class='ocrx_word' id='word_1_493' title='bbox 1309 3630 1363 3672; x_wconf 87' lang='lat' dir='ltr'><strong>rton</strong></span> <span class='ocrx_word' id='word_1_494' title='bbox 1376 3615 1488 3673; x_wconf 71' lang='lat' dir='ltr'><strong>referre.</strong></span> <span class='ocrx_word' id='word_1_495' title='bbox 1504 3617 1580 3686; x_wconf 82' lang='lat' dir='ltr'><strong>Qtnod</strong></span> <span class='ocrx_word' id='word_1_496' title='bbox 1593 3615 1701 3688; x_wconf 64' lang='lat' dir='ltr'><strong>tibridem</strong></span> <span class='ocrx_word' id='word_1_497' title='bbox 1713 3616 1747 3673; x_wconf 88' lang='lat' dir='ltr'><strong>ab</strong></span> <span class='ocrx_word' id='word_1_498' title='bbox 1760 3616 1814 3673; x_wconf 88' lang='lat' dir='ltr'><strong>illis</strong></span> 
     </span>
     <span class='ocr_line' id='line_1_46' title="bbox 162 3708 1869 3784; baseline -0.004 -13"><span class='ocrx_word' id='word_1_499' title='bbox 162 3712 249 3771; x_wconf 84' lang='lat' dir='ltr'><strong>Deum</strong></span> <span class='ocrx_word' id='word_1_500' title='bbox 263 3722 352 3769; x_wconf 89' lang='lat' dir='ltr'><strong>orent.</strong></span> <span class='ocrx_word' id='word_1_501' title='bbox 371 3711 456 3769; x_wconf 80' lang='lat' dir='ltr'><strong>addit</strong></span> <span class='ocrx_word' id='word_1_502' title='bbox 471 3714 552 3769; x_wconf 87' lang='lat' dir='ltr'><strong>aliam</strong></span> <span class='ocrx_word' id='word_1_503' title='bbox 576 3712 643 3784; x_wconf 88' lang='lat' dir='ltr'><strong>ipsis</strong></span> <span class='ocrx_word' id='word_1_504' title='bbox 664 3710 749 3769; x_wconf 87' lang='lat' dir='ltr'><strong>luisse</strong></span> <span class='ocrx_word' id='word_1_505' title='bbox 770 3710 963 3777; x_wconf 86' lang='lat' dir='ltr'><strong>causam,sire</strong></span> <span class='ocrx_word' id='word_1_506' title='bbox 1014 3720 1070 3768; x_wconf 95' lang='lat' dir='ltr'><strong>tam</strong></span> <span class='ocrx_word' id='word_1_507' title='bbox 1083 3710 1176 3768; x_wconf 78' lang='lat' dir='ltr'><strong>seditio</strong></span> <span class='ocrx_word' id='word_1_508' title='bbox 1188 3710 1359 3767; x_wconf 83' lang='lat' dir='ltr'><strong>observatum</strong></span> <span class='ocrx_word' id='word_1_509' title='bbox 1370 3718 1471 3778; x_wconf 90' lang='lat' dir='ltr'><strong>est;ut</strong></span> <span class='ocrx_word' id='word_1_510' title='bbox 1486 3711 1519 3767; x_wconf 88' lang='lat' dir='ltr'><strong>ab</strong></span> <span class='ocrx_word' id='word_1_511' title='bbox 1530 3710 1607 3783; x_wconf 81' lang='lat' dir='ltr'><strong>arrigo</strong></span> <span class='ocrx_word' id='word_1_512' title='bbox 1621 3708 1752 3781; x_wconf 89' lang='lat' dir='ltr'><strong>lapidibus</strong></span> <span class='ocrx_word' id='word_1_513' title='bbox 1766 3724 1814 3781; x_wconf 85' lang='lat' dir='ltr'><strong>ap-</strong></span> <span class='ocrx_word' id='word_1_514' title='bbox 1865 3774 1869 3783; x_wconf 64' lang='lat'><strong>.</strong></span> 
     </span>
    </p>
   </div>
   <div class='ocr_carea' id='block_1_9' title="bbox 163 3802 1928 3880">
    <p class='ocr_par' dir='ltr' id='par_1_10' title="bbox 163 3802 1928 3880">
     <span class='ocr_line' id='line_1_47' title="bbox 163 3802 1928 3880; baseline -0.004 -17"><span class='ocrx_word' id='word_1_515' title='bbox 163 3808 253 3880; x_wconf 89' lang='lat' dir='ltr'><strong>potius</strong></span> <span class='ocrx_word' id='word_1_516' title='bbox 278 3806 485 3875; x_wconf 85' lang='lat' dir='ltr'><strong>necessitatem,</strong></span> <span class='ocrx_word' id='word_1_517' title='bbox 506 3820 556 3878; x_wconf 89' lang='lat' dir='ltr'><strong>pro</strong></span> <span class='ocrx_word' id='word_1_518' title='bbox 575 3804 783 3878; x_wconf 90' lang='lat' dir='ltr'><strong>imperatoribus</strong></span> <span class='ocrx_word' id='word_1_519' title='bbox 803 3812 831 3861; x_wconf 90' lang='lat' dir='ltr'><strong>et</strong></span> <span class='ocrx_word' id='word_1_520' title='bbox 856 3802 963 3875; x_wconf 90' lang='lat' dir='ltr'><strong>imperii</strong></span> <span class='ocrx_word' id='word_1_521' title='bbox 1015 3806 1101 3877; x_wconf 83' lang='lat' dir='ltr'><strong>petiti.</strong></span> <span class='ocrx_word' id='word_1_522' title='bbox 1116 3805 1158 3861; x_wconf 88' lang='lat' dir='ltr'><strong>vel</strong></span> <span class='ocrx_word' id='word_1_523' title='bbox 1172 3804 1284 3859; x_wconf 88' lang='lat' dir='ltr'><strong>aliorum</strong></span> <span class='ocrx_word' id='word_1_524' title='bbox 1298 3802 1389 3859; x_wconf 83' lang='lat' dir='ltr'><strong>ltrrorc</strong></span> <span class='ocrx_word' id='word_1_525' title='bbox 1412 3804 1517 3875; x_wconf 82' lang='lat' dir='ltr'><strong>ignibus</strong></span> <span class='ocrx_word' id='word_1_526' title='bbox 1532 3804 1628 3869; x_wconf 85' lang='lat' dir='ltr'><strong>exusti,</strong></span> <span class='ocrx_word' id='word_1_527' title='bbox 1647 3802 1689 3859; x_wconf 89' lang='lat' dir='ltr'><strong>nei</strong></span> <span class='ocrx_word' id='word_1_528' title='bbox 1701 3802 1814 3859; x_wconf 85' lang='lat' dir='ltr'><strong>baccin-</strong></span> <span class='ocrx_word' id='word_1_529' title='bbox 1924 3808 1928 3815; x_wconf 85' lang='lat'>·</span> 
     </span>
    </p>
   </div>
   <div class='ocr_carea' id='block_1_10' title="bbox 163 3896 1880 5560">
    <p class='ocr_par' dir='ltr' id='par_1_11' title="bbox 163 3896 1880 5560">
     <span class='ocr_line' id='line_1_48' title="bbox 163 3896 1813 3969; baseline -0.004 -11"><span class='ocrx_word' id='word_1_530' title='bbox 163 3896 277 3958; x_wconf 78' lang='lat' dir='ltr'><strong>Romani</strong></span> <span class='ocrx_word' id='word_1_531' title='bbox 292 3908 363 3957; x_wconf 89' lang='lat' dir='ltr'><strong>statu</strong></span> <span class='ocrx_word' id='word_1_532' title='bbox 373 3899 479 3969; x_wconf 89' lang='lat' dir='ltr'><strong>orandi,</strong></span> <span class='ocrx_word' id='word_1_533' title='bbox 492 3910 522 3957; x_wconf 90' lang='lat' dir='ltr'><strong>nt</strong></span> <span class='ocrx_word' id='word_1_534' title='bbox 536 3898 629 3956; x_wconf 87' lang='lat' dir='ltr'><strong>mundi</strong></span> <span class='ocrx_word' id='word_1_535' title='bbox 644 3896 781 3965; x_wconf 88' lang='lat' dir='ltr'><strong>niutirum,</strong></span> <span class='ocrx_word' id='word_1_536' title='bbox 795 3896 916 3968; x_wconf 74' lang='lat' dir='ltr'><strong>quietum</strong></span> <span class='ocrx_word' id='word_1_537' title='bbox 929 3908 963 3951; x_wconf 87' lang='lat' dir='ltr'><strong>co</strong></span> <span class='ocrx_word' id='word_1_538' title='bbox 1015 3899 1117 3955; x_wconf 85' lang='lat' dir='ltr'><strong>natium</strong></span> <span class='ocrx_word' id='word_1_539' title='bbox 1142 3896 1219 3955; x_wconf 85' lang='lat' dir='ltr'><strong>iuriis</strong></span> <span class='ocrx_word' id='word_1_540' title='bbox 1239 3912 1272 3954; x_wconf 86' lang='lat' dir='ltr'><strong>ex</strong></span> <span class='ocrx_word' id='word_1_541' title='bbox 1288 3896 1411 3968; x_wconf 87' lang='lat' dir='ltr'><strong>sepulcro</strong></span> <span class='ocrx_word' id='word_1_542' title='bbox 1425 3896 1527 3962; x_wconf 89' lang='lat' dir='ltr'><strong>ellossi,</strong></span> <span class='ocrx_word' id='word_1_543' title='bbox 1543 3903 1581 3952; x_wconf 93' lang='lat' dir='ltr'><strong>tut</strong></span> <span class='ocrx_word' id='word_1_544' title='bbox 1598 3906 1741 3967; x_wconf 86' lang='lat' dir='ltr'><strong>tantasque</strong></span> <span class='ocrx_word' id='word_1_545' title='bbox 1761 3896 1813 3952; x_wconf 91' lang='lat' dir='ltr'><strong>sibi</strong></span> 
     </span>
     <span class='ocr_line' id='line_1_49' title="bbox 165 3986 1815 4067; baseline -0.005 -16"><span class='ocrx_word' id='word_1_546' title='bbox 165 3996 255 4067; x_wconf 90' lang='lat' dir='ltr'><strong>perire</strong></span> <span class='ocrx_word' id='word_1_547' title='bbox 265 3996 391 4065; x_wconf 90' lang='lat' dir='ltr'><strong>debebat,</strong></span> <span class='ocrx_word' id='word_1_548' title='bbox 402 3994 464 4052; x_wconf 82' lang='lat' dir='ltr'><strong>bruis</strong></span> <span class='ocrx_word' id='word_1_549' title='bbox 478 3994 673 4054; x_wconf 87' lang='lat' dir='ltr'><strong>retardaretur.</strong></span> <span class='ocrx_word' id='word_1_550' title='bbox 687 3992 818 4063; x_wconf 79' lang='lat' dir='ltr'><strong>Quocirca</strong></span> <span class='ocrx_word' id='word_1_551' title='bbox 832 4006 882 4065; x_wconf 89' lang='lat' dir='ltr'><strong>per</strong></span> <span class='ocrx_word' id='word_1_552' title='bbox 895 3988 964 4047; x_wconf 91' lang='lat' dir='ltr'><strong>salu·</strong></span> <span class='ocrx_word' id='word_1_553' title='bbox 1015 4000 1060 4047; x_wconf 90' lang='lat' dir='ltr'><strong>aut</strong></span> <span class='ocrx_word' id='word_1_554' title='bbox 1071 3992 1127 4047; x_wconf 88' lang='lat' dir='ltr'><strong>suis</strong></span> <span class='ocrx_word' id='word_1_555' title='bbox 1143 3988 1268 4045; x_wconf 85' lang='lat' dir='ltr'><strong>iratribus</strong></span> <span class='ocrx_word' id='word_1_556' title='bbox 1282 3988 1369 4045; x_wconf 89' lang='lat' dir='ltr'><strong>illatas</strong></span> <span class='ocrx_word' id='word_1_557' title='bbox 1384 3988 1495 4059; x_wconf 84' lang='lat' dir='ltr'><strong>injurias</strong></span> <span class='ocrx_word' id='word_1_558' title='bbox 1508 4002 1642 4059; x_wconf 77' lang='lat' dir='ltr'><strong>rtunrpuam</strong></span> <span class='ocrx_word' id='word_1_559' title='bbox 1663 3986 1755 4043; x_wconf 89' lang='lat' dir='ltr'><strong>ulcisci</strong></span> <span class='ocrx_word' id='word_1_560' title='bbox 1766 4001 1815 4044; x_wconf 83' lang='lat' dir='ltr'><strong>vo·</strong></span> 
     </span>
     <span class='ocr_line' id='line_1_50' title="bbox 164 4079 1816 4160; baseline -0.004 -18"><span class='ocrx_word' id='word_1_561' title='bbox 164 4093 219 4143; x_wconf 92' lang='lat' dir='ltr'><strong>tem</strong></span> <span class='ocrx_word' id='word_1_562' title='bbox 232 4087 424 4159; x_wconf 90' lang='lat' dir='ltr'><strong>imperatorum</strong></span> <span class='ocrx_word' id='word_1_563' title='bbox 435 4086 553 4145; x_wconf 88' lang='lat' dir='ltr'><strong>libenter</strong></span> <span class='ocrx_word' id='word_1_564' title='bbox 562 4088 699 4160; x_wconf 83' lang='lat' dir='ltr'><strong>jurabant,</strong></span> <span class='ocrx_word' id='word_1_565' title='bbox 711 4086 824 4143; x_wconf 90' lang='lat' dir='ltr'><strong>minime</strong></span> <span class='ocrx_word' id='word_1_566' title='bbox 836 4099 901 4141; x_wconf 86' lang='lat' dir='ltr'><strong>reru</strong></span> <span class='ocrx_word' id='word_1_567' title='bbox 915 4096 964 4155; x_wconf 90' lang='lat' dir='ltr'><strong>per</strong></span> <span class='ocrx_word' id='word_1_568' title='bbox 1015 4084 1124 4140; x_wconf 86' lang='lat' dir='ltr'><strong>luerint.</strong></span> <span class='ocrx_word' id='word_1_569' title='bbox 1137 4082 1265 4139; x_wconf 85' lang='lat' dir='ltr'><strong>Poterant</strong></span> <span class='ocrx_word' id='word_1_570' title='bbox 1276 4090 1365 4137; x_wconf 91' lang='lat' dir='ltr'><strong>tamen</strong></span> <span class='ocrx_word' id='word_1_571' title='bbox 1376 4079 1409 4137; x_wconf 91' lang='lat' dir='ltr'><strong>dc</strong></span> <span class='ocrx_word' id='word_1_572' title='bbox 1423 4080 1455 4135; x_wconf 90' lang='lat' dir='ltr'><strong>iis</strong></span> <span class='ocrx_word' id='word_1_573' title='bbox 1468 4094 1562 4152; x_wconf 84' lang='lat' dir='ltr'><strong>poettas</strong></span> <span class='ocrx_word' id='word_1_574' title='bbox 1571 4094 1680 4135; x_wconf 90' lang='lat' dir='ltr'><strong>sumere</strong></span> <span class='ocrx_word' id='word_1_575' title='bbox 1690 4087 1737 4135; x_wconf 90' lang='lat' dir='ltr'><strong>aut</strong></span> <span class='ocrx_word' id='word_1_576' title='bbox 1749 4094 1816 4151; x_wconf 89' lang='lat' dir='ltr'><strong>pau-</strong></span> 
     </span>
     <span class='ocr_line' id='line_1_51' title="bbox 164 4162 1812 4252; baseline -0.002 -19"><span class='ocrx_word' id='word_1_577' title='bbox 164 4178 271 4234; x_wconf 88' lang='lat' dir='ltr'><strong>iliorum</strong></span> <span class='ocrx_word' id='word_1_578' title='bbox 283 4180 387 4251; x_wconf 88' lang='lat' dir='ltr'><strong>genius,</strong></span> <span class='ocrx_word' id='word_1_579' title='bbox 402 4194 471 4252; x_wconf 87' lang='lat' dir='ltr'><strong>quos</strong></span> <span class='ocrx_word' id='word_1_580' title='bbox 483 4178 697 4252; x_wconf 86' lang='lat' dir='ltr'><strong>adjurationibus</strong></span> <span class='ocrx_word' id='word_1_581' title='bbox 709 4178 803 4251; x_wconf 83' lang='lat' dir='ltr'><strong>lugere</strong></span> <span class='ocrx_word' id='word_1_582' title='bbox 816 4188 964 4235; x_wconf 81' lang='lat' dir='ltr'><strong>consuesc-</strong></span> <span class='ocrx_word' id='word_1_583' title='bbox 1016 4162 1200 4235; x_wconf 82' lang='lat' dir='ltr'><strong>eulis&#39;laculis</strong></span> <span class='ocrx_word' id='word_1_584' title='bbox 1217 4174 1346 4241; x_wconf 88' lang='lat' dir='ltr'><strong>occultas,</strong></span> <span class='ocrx_word' id='word_1_585' title='bbox 1362 4182 1408 4230; x_wconf 89' lang='lat' dir='ltr'><strong>aut</strong></span> <span class='ocrx_word' id='word_1_586' title='bbox 1428 4172 1584 4244; x_wconf 82' lang='lat' dir='ltr'><strong>majoribus,</strong></span> <span class='ocrx_word' id='word_1_587' title='bbox 1600 4188 1680 4244; x_wconf 84' lang='lat' dir='ltr'><strong>quarn</strong></span> <span class='ocrx_word' id='word_1_588' title='bbox 1700 4173 1812 4243; x_wconf 86' lang='lat' dir='ltr'><strong>etltnici,</strong></span> 
     </span>
     <span class='ocr_line' id='line_1_52' title="bbox 164 4255 1815 4347; baseline -0.003 -17"><span class='ocrx_word' id='word_1_589' title='bbox 164 4282 226 4330; x_wconf 87' lang='lat' dir='ltr'><strong>rant</strong></span> <span class='ocrx_word' id='word_1_590' title='bbox 241 4272 311 4346; x_wconf 85' lang='lat' dir='ltr'><strong>(rap.</strong></span> <span class='ocrx_word' id='word_1_591' title='bbox 321 4274 367 4339; x_wconf 80' lang='lat' dir='ltr'><strong>bl,</strong></span> <span class='ocrx_word' id='word_1_592' title='bbox 382 4274 442 4347; x_wconf 61' lang='grc' dir='ltr'><strong>δῖ).</strong></span> <span class='ocrx_word' id='word_1_593' title='bbox 634 4273 641 4287; x_wconf 81' lang='grc'><strong>“</strong></span> <span class='ocrx_word' id='word_1_594' title='bbox 1016 4270 1130 4327; x_wconf 94' lang='lat' dir='ltr'><strong>militum</strong></span> <span class='ocrx_word' id='word_1_595' title='bbox 1146 4268 1231 4339; x_wconf 86' lang='lat' dir='ltr'><strong>copiis</strong></span> <span class='ocrx_word' id='word_1_596' title='bbox 1244 4276 1361 4340; x_wconf 87' lang='lat' dir='ltr'><strong>apertus.</strong></span> <span class='ocrx_word' id='word_1_597' title='bbox 1377 4268 1428 4324; x_wconf 86' lang='lat' dir='ltr'><strong>Per</strong></span> <span class='ocrx_word' id='word_1_598' title='bbox 1444 4276 1528 4323; x_wconf 90' lang='lat' dir='ltr'><strong>toturn</strong></span> <span class='ocrx_word' id='word_1_599' title='bbox 1540 4268 1670 4339; x_wconf 86' lang='lat' dir='ltr'><strong>siquidem</strong></span> <span class='ocrx_word' id='word_1_600' title='bbox 1680 4255 1815 4325; x_wconf 70' lang='lat' dir='ltr'><strong>-mt&#39;rndum</strong></span> 
     </span>
     <span class='ocr_line' id='line_1_53' title="bbox 167 4353 1814 4440; baseline -0.002 -18"><span class='ocrx_word' id='word_1_601' title='bbox 167 4353 174 4365; x_wconf 64' lang='lat'>⁸</span> <span class='ocrx_word' id='word_1_602' title='bbox 201 4363 337 4424; x_wconf 73' lang='lat' dir='ltr'><strong>Praeterea</strong></span> <span class='ocrx_word' id='word_1_603' title='bbox 351 4375 426 4423; x_wconf 91' lang='lat' dir='ltr'><strong>tanto</strong></span> <span class='ocrx_word' id='word_1_604' title='bbox 439 4366 536 4440; x_wconf 79' lang='lat' dir='ltr'><strong>malon,</strong></span> <span class='ocrx_word' id='word_1_605' title='bbox 557 4367 645 4439; x_wconf 84' lang='lat' dir='ltr'><strong>inquit</strong></span> <span class='ocrx_word' id='word_1_606' title='bbox 665 4376 761 4423; x_wconf 90' lang='lat' dir='ltr'><strong>auctor</strong></span> <span class='ocrx_word' id='word_1_607' title='bbox 782 4373 887 4431; x_wconf 86' lang='lat' dir='ltr'><strong>noster,</strong></span> <span class='ocrx_word' id='word_1_608' title='bbox 906 4372 966 4419; x_wconf 86' lang='lat' dir='ltr'><strong>erat</strong></span> <span class='ocrx_word' id='word_1_609' title='bbox 1017 4362 1142 4434; x_wconf 88' lang='lat' dir='ltr'><strong>dispersi,</strong></span> <span class='ocrx_word' id='word_1_610' title='bbox 1154 4362 1252 4429; x_wconf 89' lang='lat' dir='ltr'><strong>urbes,</strong></span> <span class='ocrx_word' id='word_1_611' title='bbox 1274 4359 1428 4431; x_wconf 92' lang='lat' dir='ltr'><strong>municipia,</strong></span> <span class='ocrx_word' id='word_1_612' title='bbox 1445 4368 1543 4427; x_wconf 86' lang='lat' dir='ltr'><strong>castra,</strong></span> <span class='ocrx_word' id='word_1_613' title='bbox 1560 4360 1733 4433; x_wconf 77' lang='lat' dir='ltr'><strong>exceptisque</strong></span> <span class='ocrx_word' id='word_1_614' title='bbox 1747 4362 1814 4419; x_wconf 88' lang='lat' dir='ltr'><strong>solis</strong></span> 
     </span>
     <span class='ocr_line' id='line_1_54' title="bbox 164 4450 1815 4531; baseline -0.001 -18"><span class='ocrx_word' id='word_1_615' title='bbox 164 4457 375 4514; x_wconf 87' lang='lat' dir='ltr'><strong>christianorum</strong></span> <span class='ocrx_word' id='word_1_616' title='bbox 395 4459 482 4531; x_wconf 90' lang='lat' dir='ltr'><strong>pietas</strong></span> <span class='ocrx_word' id='word_1_617' title='bbox 504 4470 532 4516; x_wconf 91' lang='lat' dir='ltr'><strong>et</strong></span> <span class='ocrx_word' id='word_1_618' title='bbox 553 4458 649 4531; x_wconf 88' lang='lat' dir='ltr'><strong>religio</strong></span> <span class='ocrx_word' id='word_1_619' title='bbox 667 4474 732 4530; x_wconf 87' lang='lat' dir='ltr'><strong>erga</strong></span> <span class='ocrx_word' id='word_1_620' title='bbox 760 4458 965 4529; x_wconf 89' lang='lat' dir='ltr'><strong>imperatorem,</strong></span> <span class='ocrx_word' id='word_1_621' title='bbox 1016 4454 1129 4511; x_wconf 90' lang='lat' dir='ltr'><strong>deorum</strong></span> <span class='ocrx_word' id='word_1_622' title='bbox 1143 4454 1259 4523; x_wconf 83' lang='lat' dir='ltr'><strong>templis,</strong></span> <span class='ocrx_word' id='word_1_623' title='bbox 1273 4453 1362 4508; x_wconf 91' lang='lat' dir='ltr'><strong>omnia</strong></span> <span class='ocrx_word' id='word_1_624' title='bbox 1376 4452 1562 4523; x_wconf 83' lang='lat' dir='ltr'><strong>impleverant.</strong></span> <span class='ocrx_word' id='word_1_625' title='bbox 1576 4450 1703 4519; x_wconf 80' lang='lat' dir='ltr'><strong>Qunamvis</strong></span> <span class='ocrx_word' id='word_1_626' title='bbox 1723 4462 1815 4511; x_wconf 73' lang='lat' dir='ltr'><strong>numm</strong></span> 
     </span>
     <span class='ocr_line' id='line_1_55' title="bbox 168 4542 1816 4623; baseline -0.004 -16"><span class='ocrx_word' id='word_1_627' title='bbox 168 4558 270 4623; x_wconf 80' lang='lat' dir='ltr'><strong>quanto</strong></span> <span class='ocrx_word' id='word_1_628' title='bbox 282 4552 384 4609; x_wconf 88' lang='lat' dir='ltr'><strong>certius</strong></span> <span class='ocrx_word' id='word_1_629' title='bbox 396 4552 521 4610; x_wconf 85' lang='lat' dir='ltr'><strong>sciebant</strong></span> <span class='ocrx_word' id='word_1_630' title='bbox 540 4553 617 4610; x_wconf 91' lang='lat' dir='ltr'><strong>illum</strong></span> <span class='ocrx_word' id='word_1_631' title='bbox 630 4567 646 4609; x_wconf 91' lang='lat' dir='ltr'><strong>a</strong></span> <span class='ocrx_word' id='word_1_632' title='bbox 660 4552 717 4609; x_wconf 80' lang='lat' dir='ltr'><strong>lico</strong></span> <span class='ocrx_word' id='word_1_633' title='bbox 728 4567 794 4609; x_wconf 86' lang='lat' dir='ltr'><strong>uero</strong></span> <span class='ocrx_word' id='word_1_634' title='bbox 805 4550 922 4608; x_wconf 88' lang='lat' dir='ltr'><strong>electum</strong></span> <span class='ocrx_word' id='word_1_635' title='bbox 935 4562 967 4604; x_wconf 89' lang='lat' dir='ltr'><strong>ae</strong></span> <span class='ocrx_word' id='word_1_636' title='bbox 1018 4548 1140 4602; x_wconf 86' lang='lat' dir='ltr'><strong>minores</strong></span> <span class='ocrx_word' id='word_1_637' title='bbox 1152 4544 1243 4617; x_wconf 87' lang='lat' dir='ltr'><strong>copias</strong></span> <span class='ocrx_word' id='word_1_638' title='bbox 1256 4542 1390 4600; x_wconf 90' lang='lat' dir='ltr'><strong>instruere</strong></span> <span class='ocrx_word' id='word_1_639' title='bbox 1404 4542 1565 4615; x_wconf 86' lang='lat' dir='ltr'><strong>potuissent,</strong></span> <span class='ocrx_word' id='word_1_640' title='bbox 1581 4544 1622 4600; x_wconf 91' lang='lat' dir='ltr'><strong>cui</strong></span> <span class='ocrx_word' id='word_1_641' title='bbox 1640 4554 1727 4601; x_wconf 90' lang='lat' dir='ltr'><strong>tamen</strong></span> <span class='ocrx_word' id='word_1_642' title='bbox 1743 4544 1816 4615; x_wconf 84' lang='lat' dir='ltr'><strong>bello</strong></span> 
     </span>
     <span class='ocr_line' id='line_1_56' title="bbox 165 4630 1816 4718; baseline -0.004 -15"><span class='ocrx_word' id='word_1_643' title='bbox 165 4644 354 4703; x_wconf 85' lang='lat' dir='ltr'><strong>constitutum.</strong></span> <span class='ocrx_word' id='word_1_644' title='bbox 370 4643 413 4700; x_wconf 83' lang='lat' dir='ltr'><strong>nb</strong></span> <span class='ocrx_word' id='word_1_645' title='bbox 426 4643 479 4702; x_wconf 90' lang='lat' dir='ltr'><strong>boc</strong></span> <span class='ocrx_word' id='word_1_646' title='bbox 500 4645 582 4717; x_wconf 83' lang='lat' dir='ltr'><strong>igitur</strong></span> <span class='ocrx_word' id='word_1_647' title='bbox 596 4642 652 4700; x_wconf 81' lang='lat' dir='ltr'><strong>beo</strong></span> <span class='ocrx_word' id='word_1_648' title='bbox 664 4642 837 4715; x_wconf 88' lang='lat' dir='ltr'><strong>imperatoris</strong></span> <span class='ocrx_word' id='word_1_649' title='bbox 850 4642 964 4699; x_wconf 90' lang='lat' dir='ltr'><strong>salutem</strong></span> <span class='ocrx_word' id='word_1_650' title='bbox 977 4654 1005 4718; x_wconf 77' lang='grc' dir='ltr'><strong>Ι)</strong></span> <span class='ocrx_word' id='word_1_651' title='bbox 1018 4636 1136 4718; x_wconf 81' lang='lat' dir='ltr'><strong>prompti</strong></span> <span class='ocrx_word' id='word_1_652' title='bbox 1157 4644 1186 4693; x_wconf 90' lang='lat' dir='ltr'><strong>et</strong></span> <span class='ocrx_word' id='word_1_653' title='bbox 1207 4636 1295 4693; x_wconf 88' lang='lat' dir='ltr'><strong>idortci</strong></span> <span class='ocrx_word' id='word_1_654' title='bbox 1310 4650 1363 4691; x_wconf 92' lang='lat' dir='ltr'><strong>non</strong></span> <span class='ocrx_word' id='word_1_655' title='bbox 1383 4644 1471 4705; x_wconf 89' lang='lat' dir='ltr'><strong>erant,</strong></span> <span class='ocrx_word' id='word_1_656' title='bbox 1486 4636 1533 4707; x_wconf 84' lang='lat' dir='ltr'><strong>qni</strong></span> <span class='ocrx_word' id='word_1_657' title='bbox 1553 4636 1669 4693; x_wconf 91' lang='lat' dir='ltr'><strong>libenter</strong></span> <span class='ocrx_word' id='word_1_658' title='bbox 1691 4648 1739 4707; x_wconf 91' lang='lat' dir='ltr'><strong>pro</strong></span> <span class='ocrx_word' id='word_1_659' title='bbox 1758 4630 1816 4697; x_wconf 79' lang='lat' dir='ltr'><strong>suaa</strong></span> 
     </span>
     <span class='ocr_line' id='line_1_57' title="bbox 165 4714 1816 4811; baseline -0.007 -14"><span class='ocrx_word' id='word_1_660' title='bbox 165 4756 199 4797; x_wconf 94' lang='lat' dir='ltr'><strong>eo</strong></span> <span class='ocrx_word' id='word_1_661' title='bbox 211 4738 315 4797; x_wconf 85' lang='lat' dir='ltr'><strong>laoilius</strong></span> <span class='ocrx_word' id='word_1_662' title='bbox 329 4746 455 4811; x_wconf 90' lang='lat' dir='ltr'><strong>poterant</strong></span> <span class='ocrx_word' id='word_1_663' title='bbox 476 4736 636 4809; x_wconf 89' lang='lat' dir='ltr'><strong>impetrare,</strong></span> <span class='ocrx_word' id='word_1_664' title='bbox 652 4732 725 4809; x_wconf 85' lang='lat' dir='ltr'><strong>quud</strong></span> <span class='ocrx_word' id='word_1_665' title='bbox 745 4734 821 4793; x_wconf 89' lang='lat' dir='ltr'><strong>bisce</strong></span> <span class='ocrx_word' id='word_1_666' title='bbox 840 4734 966 4807; x_wconf 88' lang='lat' dir='ltr'><strong>precibus</strong></span> <span class='ocrx_word' id='word_1_667' title='bbox 1017 4714 1156 4802; x_wconf 75' lang='lat' dir='ltr'><strong>religionis</strong></span> <span class='ocrx_word' id='word_1_668' title='bbox 1169 4728 1339 4787; x_wconf 76' lang='lat' dir='ltr'><strong>confessione</strong></span> <span class='ocrx_word' id='word_1_669' title='bbox 1361 4744 1391 4786; x_wconf 89' lang='lat' dir='ltr'><strong>sc</strong></span> <span class='ocrx_word' id='word_1_670' title='bbox 1410 4729 1538 4786; x_wconf 91' lang='lat' dir='ltr'><strong>trucidari</strong></span> <span class='ocrx_word' id='word_1_671' title='bbox 1559 4728 1747 4799; x_wconf 86' lang='lat' dir='ltr'><strong>patiebamurt</strong></span> <span class='ocrx_word' id='word_1_672' title='bbox 1761 4728 1816 4788; x_wconf 79' lang='lat' dir='ltr'><strong>Fac</strong></span> 
     </span>
     <span class='ocr_line' id='line_1_58' title="bbox 165 4820 1817 4899; baseline -0.008 -6"><span class='ocrx_word' id='word_1_673' title='bbox 165 4832 241 4895; x_wconf 92' lang='lat' dir='ltr'><strong>illum</strong></span> <span class='ocrx_word' id='word_1_674' title='bbox 257 4834 314 4891; x_wconf 85' lang='lat' dir='ltr'><strong>lieo</strong></span> <span class='ocrx_word' id='word_1_675' title='bbox 327 4834 460 4891; x_wconf 88' lang='lat' dir='ltr'><strong>minorem</strong></span> <span class='ocrx_word' id='word_1_676' title='bbox 475 4846 539 4890; x_wconf 88' lang='lat' dir='ltr'><strong>esse</strong></span> <span class='ocrx_word' id='word_1_677' title='bbox 549 4829 714 4889; x_wconf 88' lang='lat' dir='ltr'><strong>latebantur.</strong></span> <span class='ocrx_word' id='word_1_678' title='bbox 725 4828 806 4887; x_wconf 76' lang='lat' dir='ltr'><strong>licias</strong></span> <span class='ocrx_word' id='word_1_679' title='bbox 820 4836 911 4886; x_wconf 86' lang='lat' dir='ltr'><strong>autem</strong></span> <span class='ocrx_word' id='word_1_680' title='bbox 925 4827 966 4899; x_wconf 89' lang='lat' dir='ltr'><strong>ip·</strong></span> <span class='ocrx_word' id='word_1_681' title='bbox 1016 4824 1110 4891; x_wconf 90' lang='lat' dir='ltr'><strong>etiam,</strong></span> <span class='ocrx_word' id='word_1_682' title='bbox 1125 4824 1148 4879; x_wconf 85' lang='lat' dir='ltr'><strong>ei</strong></span> <span class='ocrx_word' id='word_1_683' title='bbox 1159 4822 1236 4891; x_wconf 86' lang='lat' dir='ltr'><strong>velis,</strong></span> <span class='ocrx_word' id='word_1_684' title='bbox 1247 4836 1294 4878; x_wconf 89' lang='lat' dir='ltr'><strong>cos</strong></span> <span class='ocrx_word' id='word_1_685' title='bbox 1307 4821 1391 4877; x_wconf 85' lang='lat' dir='ltr'><strong>luisse</strong></span> <span class='ocrx_word' id='word_1_686' title='bbox 1404 4822 1531 4878; x_wconf 90' lang='lat' dir='ltr'><strong>inermes.</strong></span> <span class='ocrx_word' id='word_1_687' title='bbox 1544 4822 1580 4877; x_wconf 82' lang='lat' dir='ltr'><strong>tt</strong></span> <span class='ocrx_word' id='word_1_688' title='bbox 1592 4836 1640 4878; x_wconf 88' lang='lat' dir='ltr'><strong>sua</strong></span> <span class='ocrx_word' id='word_1_689' title='bbox 1655 4820 1712 4878; x_wconf 87' lang='lat' dir='ltr'><strong>sola</strong></span> <span class='ocrx_word' id='word_1_690' title='bbox 1723 4836 1738 4876; x_wconf 86' lang='lat' dir='ltr'><strong>a</strong></span> <span class='ocrx_word' id='word_1_691' title='bbox 1751 4836 1817 4893; x_wconf 87' lang='lat' dir='ltr'><strong>gen·</strong></span> 
     </span>
     <span class='ocr_line' id='line_1_59' title="bbox 166 4913 1816 5000; baseline -0.007 -17"><span class='ocrx_word' id='word_1_692' title='bbox 166 4927 205 4984; x_wconf 90' lang='lat' dir='ltr'><strong>sis</strong></span> <span class='ocrx_word' id='word_1_693' title='bbox 223 4935 285 4984; x_wconf 88' lang='lat' dir='ltr'><strong>erat</strong></span> <span class='ocrx_word' id='word_1_694' title='bbox 303 4926 495 5000; x_wconf 88' lang='lat' dir='ltr'><strong>imperatorem</strong></span> <span class='ocrx_word' id='word_1_695' title='bbox 517 4924 597 4981; x_wconf 92' lang='lat' dir='ltr'><strong>deum</strong></span> <span class='ocrx_word' id='word_1_696' title='bbox 621 4922 768 4996; x_wconf 85' lang='lat' dir='ltr'><strong>appellate,</strong></span> <span class='ocrx_word' id='word_1_697' title='bbox 792 4932 822 4979; x_wconf 93' lang='lat' dir='ltr'><strong>ut</strong></span> <span class='ocrx_word' id='word_1_698' title='bbox 843 4920 968 4994; x_wconf 76' lang='lat' dir='ltr'><strong>puteani</strong></span> <span class='ocrx_word' id='word_1_699' title='bbox 1016 4918 1110 4975; x_wconf 89' lang='lat' dir='ltr'><strong>tilibus</strong></span> <span class='ocrx_word' id='word_1_700' title='bbox 1122 4916 1337 4983; x_wconf 88' lang='lat' dir='ltr'><strong>delectione,aut</strong></span> <span class='ocrx_word' id='word_1_701' title='bbox 1350 4916 1531 4985; x_wconf 87' lang='lat' dir='ltr'><strong>separatione,</strong></span> <span class='ocrx_word' id='word_1_702' title='bbox 1544 4928 1604 4971; x_wconf 87' lang='lat' dir='ltr'><strong>sese</strong></span> <span class='ocrx_word' id='word_1_703' title='bbox 1618 4913 1752 4971; x_wconf 80' lang='lat' dir='ltr'><strong>uindicare</strong></span> <span class='ocrx_word' id='word_1_704' title='bbox 1774 4914 1816 4971; x_wconf 88' lang='lat' dir='ltr'><strong>la·</strong></span> 
     </span>
     <span class='ocr_line' id='line_1_60' title="bbox 166 5008 1880 5092; baseline -0.007 -15"><span class='ocrx_word' id='word_1_705' title='bbox 166 5018 249 5078; x_wconf 85' lang='lat' dir='ltr'><strong>ltomo</strong></span> <span class='ocrx_word' id='word_1_706' title='bbox 262 5030 314 5090; x_wconf 91' lang='lat' dir='ltr'><strong>est,</strong></span> <span class='ocrx_word' id='word_1_707' title='bbox 326 5037 359 5078; x_wconf 88' lang='lat' dir='ltr'><strong>ae</strong></span> <span class='ocrx_word' id='word_1_708' title='bbox 371 5022 435 5079; x_wconf 89' lang='lat' dir='ltr'><strong>dum</strong></span> <span class='ocrx_word' id='word_1_709' title='bbox 449 5018 607 5092; x_wconf 86' lang='lat' dir='ltr'><strong>triumphat,</strong></span> <span class='ocrx_word' id='word_1_710' title='bbox 621 5034 679 5075; x_wconf 81' lang='lat' dir='ltr'><strong>suae</strong></span> <span class='ocrx_word' id='word_1_711' title='bbox 699 5016 861 5075; x_wconf 83' lang='lat' dir='ltr'><strong>admonetur</strong></span> <span class='ocrx_word' id='word_1_712' title='bbox 872 5016 968 5073; x_wconf 89' lang='lat' dir='ltr'><strong>ltuma·</strong></span> <span class='ocrx_word' id='word_1_713' title='bbox 1018 5010 1119 5071; x_wconf 89' lang='lat' dir='ltr'><strong>eillime</strong></span> <span class='ocrx_word' id='word_1_714' title='bbox 1134 5018 1268 5082; x_wconf 89' lang='lat' dir='ltr'><strong>poterant.</strong></span> <span class='ocrx_word' id='word_1_715' title='bbox 1291 5009 1376 5066; x_wconf 87' lang='lat' dir='ltr'><strong>Tanta</strong></span> <span class='ocrx_word' id='word_1_716' title='bbox 1390 5008 1489 5082; x_wconf 84' lang='lat' dir='ltr'><strong>quippe</strong></span> <span class='ocrx_word' id='word_1_717' title='bbox 1504 5018 1562 5065; x_wconf 89' lang='lat' dir='ltr'><strong>erat</strong></span> <span class='ocrx_word' id='word_1_718' title='bbox 1575 5008 1683 5065; x_wconf 86' lang='lat' dir='ltr'><strong>ilbnum</strong></span> <span class='ocrx_word' id='word_1_719' title='bbox 1697 5009 1817 5066; x_wconf 89' lang='lat' dir='ltr'><strong>multitu·</strong></span> <span class='ocrx_word' id='word_1_720' title='bbox 1878 5048 1880 5051; x_wconf 90' lang='lat'>-</span> 
     </span>
     <span class='ocr_line' id='line_1_61' title="bbox 167 5101 1818 5187; baseline -0.007 -17"><span class='ocrx_word' id='word_1_721' title='bbox 167 5130 211 5171; x_wconf 76' lang='lat' dir='ltr'><strong>nte</strong></span> <span class='ocrx_word' id='word_1_722' title='bbox 223 5114 393 5172; x_wconf 87' lang='lat' dir='ltr'><strong>conditionis.</strong></span> <span class='ocrx_word' id='word_1_723' title='bbox 408 5116 477 5187; x_wconf 82' lang='lat' dir='ltr'><strong>Quin</strong></span> <span class='ocrx_word' id='word_1_724' title='bbox 496 5128 562 5171; x_wconf 84' lang='lat' dir='ltr'><strong>sero</strong></span> <span class='ocrx_word' id='word_1_725' title='bbox 578 5114 716 5186; x_wconf 79' lang='lat' dir='ltr'><strong>Angustus</strong></span> <span class='ocrx_word' id='word_1_726' title='bbox 731 5112 878 5184; x_wconf 89' lang='lat' dir='ltr'><strong>imperator</strong></span> <span class='ocrx_word' id='word_1_727' title='bbox 891 5109 968 5167; x_wconf 88' lang='lat' dir='ltr'><strong>nole-</strong></span> <span class='ocrx_word' id='word_1_728' title='bbox 1019 5106 1071 5174; x_wconf 86' lang='lat' dir='ltr'><strong>do,</strong></span> <span class='ocrx_word' id='word_1_729' title='bbox 1088 5112 1118 5160; x_wconf 89' lang='lat' dir='ltr'><strong>ut</strong></span> <span class='ocrx_word' id='word_1_730' title='bbox 1129 5101 1231 5159; x_wconf 87' lang='lat' dir='ltr'><strong>ethnici</strong></span> <span class='ocrx_word' id='word_1_731' title='bbox 1252 5102 1303 5159; x_wconf 88' lang='lat' dir='ltr'><strong>sibi</strong></span> <span class='ocrx_word' id='word_1_732' title='bbox 1327 5102 1393 5157; x_wconf 84' lang='lat' dir='ltr'><strong>sulla</strong></span> <span class='ocrx_word' id='word_1_733' title='bbox 1407 5101 1506 5167; x_wconf 90' lang='lat' dir='ltr'><strong>relicti,</strong></span> <span class='ocrx_word' id='word_1_734' title='bbox 1522 5116 1597 5156; x_wconf 92' lang='lat' dir='ltr'><strong>suam</strong></span> <span class='ocrx_word' id='word_1_735' title='bbox 1615 5102 1818 5173; x_wconf 87' lang='lat' dir='ltr'><strong>obstupuissent</strong></span> 
     </span>
     <span class='ocr_line' id='line_1_62' title="bbox 168 5190 1819 5277; baseline -0.007 -14"><span class='ocrx_word' id='word_1_736' title='bbox 168 5204 255 5263; x_wconf 83' lang='lat' dir='ltr'><strong>botae</strong></span> <span class='ocrx_word' id='word_1_737' title='bbox 267 5205 404 5263; x_wconf 92' lang='lat' dir='ltr'><strong>dominum</strong></span> <span class='ocrx_word' id='word_1_738' title='bbox 417 5206 521 5265; x_wconf 85' lang='lat' dir='ltr'><strong>uocari.</strong></span> <span class='ocrx_word' id='word_1_739' title='bbox 541 5204 664 5263; x_wconf 82' lang='lat' dir='ltr'><strong>lit&#39;rccte</strong></span> <span class='ocrx_word' id='word_1_740' title='bbox 677 5202 805 5277; x_wconf 78' lang='lat' dir='ltr'><strong>quidem3</strong></span> <span class='ocrx_word' id='word_1_741' title='bbox 821 5217 883 5259; x_wconf 92' lang='lat' dir='ltr'><strong>uam</strong></span> <span class='ocrx_word' id='word_1_742' title='bbox 898 5215 968 5259; x_wconf 89' lang='lat' dir='ltr'><strong>unus</strong></span> <span class='ocrx_word' id='word_1_743' title='bbox 1020 5196 1055 5253; x_wconf 87' lang='lat' dir='ltr'><strong>ad</strong></span> <span class='ocrx_word' id='word_1_744' title='bbox 1078 5194 1261 5263; x_wconf 89' lang='lat' dir='ltr'><strong>solitudinem,</strong></span> <span class='ocrx_word' id='word_1_745' title='bbox 1283 5206 1315 5249; x_wconf 89' lang='lat' dir='ltr'><strong>ac</strong></span> <span class='ocrx_word' id='word_1_746' title='bbox 1336 5192 1427 5264; x_wconf 88' lang='lat' dir='ltr'><strong>plures</strong></span> <span class='ocrx_word' id='word_1_747' title='bbox 1449 5190 1541 5249; x_wconf 90' lang='lat' dir='ltr'><strong>bostes</strong></span> <span class='ocrx_word' id='word_1_748' title='bbox 1556 5192 1721 5261; x_wconf 82' lang='lat' dir='ltr'><strong>habuissent,</strong></span> <span class='ocrx_word' id='word_1_749' title='bbox 1737 5208 1819 5266; x_wconf 83' lang='lat' dir='ltr'><strong>quam</strong></span> 
     </span>
     <span class='ocr_line' id='line_1_63' title="bbox 169 5284 1820 5374; baseline -0.009 -16"><span class='ocrx_word' id='word_1_750' title='bbox 169 5311 212 5358; x_wconf 91' lang='lat' dir='ltr'><strong>est</strong></span> <span class='ocrx_word' id='word_1_751' title='bbox 228 5300 348 5356; x_wconf 92' lang='lat' dir='ltr'><strong>omnium</strong></span> <span class='ocrx_word' id='word_1_752' title='bbox 365 5305 448 5373; x_wconf 79' lang='lat' dir='ltr'><strong>atque</strong></span> <span class='ocrx_word' id='word_1_753' title='bbox 464 5304 545 5360; x_wconf 91' lang='lat' dir='ltr'><strong>etiam</strong></span> <span class='ocrx_word' id='word_1_754' title='bbox 558 5299 731 5374; x_wconf 91' lang='lat' dir='ltr'><strong>imperatoris</strong></span> <span class='ocrx_word' id='word_1_755' title='bbox 746 5298 883 5365; x_wconf 88' lang='lat' dir='ltr'><strong>domiuus,</strong></span> <span class='ocrx_word' id='word_1_756' title='bbox 896 5296 969 5353; x_wconf 87' lang='lat' dir='ltr'><strong>scili-</strong></span> <span class='ocrx_word' id='word_1_757' title='bbox 1020 5292 1104 5348; x_wconf 86' lang='lat' dir='ltr'><strong>ciues.</strong></span> <span class='ocrx_word' id='word_1_758' title='bbox 1126 5288 1245 5360; x_wconf 80' lang='lat' dir='ltr'><strong>Deniqrte</strong></span> <span class='ocrx_word' id='word_1_759' title='bbox 1258 5286 1291 5342; x_wconf 92' lang='lat' dir='ltr'><strong>ad</strong></span> <span class='ocrx_word' id='word_1_760' title='bbox 1305 5284 1513 5342; x_wconf 86' lang='lat' dir='ltr'><strong>christianorum</strong></span> <span class='ocrx_word' id='word_1_761' title='bbox 1523 5286 1667 5343; x_wconf 83' lang='lat' dir='ltr'><strong>uindictam</strong></span> <span class='ocrx_word' id='word_1_762' title='bbox 1683 5290 1748 5344; x_wconf 86' lang='lat' dir='ltr'><strong>satis</strong></span> <span class='ocrx_word' id='word_1_763' title='bbox 1765 5290 1820 5343; x_wconf 90' lang='lat' dir='ltr'><strong>uti-</strong></span> 
     </span>
     <span class='ocr_line' id='line_1_64' title="bbox 168 5378 1821 5467; baseline -0.008 -16"><span class='ocrx_word' id='word_1_764' title='bbox 168 5400 214 5451; x_wconf 88' lang='lat' dir='ltr'><strong>cet</strong></span> <span class='ocrx_word' id='word_1_765' title='bbox 226 5392 299 5449; x_wconf 86' lang='lat' dir='ltr'><strong>beas</strong></span> <span class='ocrx_word' id='word_1_766' title='bbox 312 5392 492 5466; x_wconf 89' lang='lat' dir='ltr'><strong>omnipotens.</strong></span> <span class='ocrx_word' id='word_1_767' title='bbox 520 5394 641 5467; x_wconf 86' lang='lat' dir='ltr'><strong>benique</strong></span> <span class='ocrx_word' id='word_1_768' title='bbox 661 5390 799 5466; x_wconf 84' lang='lat' dir='ltr'><strong>quomodo</strong></span> <span class='ocrx_word' id='word_1_769' title='bbox 820 5392 969 5464; x_wconf 88' lang='lat' dir='ltr'><strong>imperator</strong></span> <span class='ocrx_word' id='word_1_770' title='bbox 1021 5398 1075 5457; x_wconf 80' lang='lat' dir='ltr'><strong>quie</strong></span> <span class='ocrx_word' id='word_1_771' title='bbox 1097 5381 1202 5449; x_wconf 87' lang='lat' dir='ltr'><strong>luisset,</strong></span> <span class='ocrx_word' id='word_1_772' title='bbox 1217 5380 1240 5437; x_wconf 88' lang='lat' dir='ltr'><strong>si</strong></span> <span class='ocrx_word' id='word_1_773' title='bbox 1254 5378 1391 5435; x_wconf 74' lang='lat' dir='ltr'><strong>demones</strong></span> <span class='ocrx_word' id='word_1_774' title='bbox 1406 5394 1458 5434; x_wconf 94' lang='lat' dir='ltr'><strong>non</strong></span> <span class='ocrx_word' id='word_1_775' title='bbox 1474 5378 1641 5450; x_wconf 87' lang='lat' dir='ltr'><strong>depulissent</strong></span> <span class='ocrx_word' id='word_1_776' title='bbox 1655 5380 1689 5437; x_wconf 87' lang='lat' dir='ltr'><strong>ub</strong></span> <span class='ocrx_word' id='word_1_777' title='bbox 1701 5380 1821 5438; x_wconf 87' lang='lat' dir='ltr'><strong>obsessis</strong></span> 
     </span>
     <span class='ocr_line' id='line_1_65' title="bbox 169 5470 1821 5560; baseline -0.009 -16"><span class='ocrx_word' id='word_1_778' title='bbox 169 5484 258 5545; x_wconf 88' lang='lat' dir='ltr'><strong>adhuc</strong></span> <span class='ocrx_word' id='word_1_779' title='bbox 281 5486 358 5542; x_wconf 85' lang='lat' dir='ltr'><strong>vitus</strong></span> <span class='ocrx_word' id='word_1_780' title='bbox 379 5496 484 5558; x_wconf 88' lang='lat' dir='ltr'><strong>poterat</strong></span> <span class='ocrx_word' id='word_1_781' title='bbox 511 5486 557 5544; x_wconf 80' lang='lat' dir='ltr'><strong>liei</strong></span> <span class='ocrx_word' id='word_1_782' title='bbox 582 5485 714 5560; x_wconf 88' lang='lat' dir='ltr'><strong>appellari</strong></span> <span class='ocrx_word' id='word_1_783' title='bbox 738 5484 866 5554; x_wconf 92' lang='lat' dir='ltr'><strong>numine,</strong></span> <span class='ocrx_word' id='word_1_784' title='bbox 893 5481 968 5556; x_wconf 86' lang='lat' dir='ltr'><strong>quod</strong></span> <span class='ocrx_word' id='word_1_785' title='bbox 1023 5478 1192 5537; x_wconf 90' lang='lat' dir='ltr'><strong>etlmicorum</strong></span> <span class='ocrx_word' id='word_1_786' title='bbox 1214 5471 1381 5544; x_wconf 87' lang='lat' dir='ltr'><strong>corporibus.</strong></span> <span class='ocrx_word' id='word_1_787' title='bbox 1398 5470 1484 5528; x_wconf 90' lang='lat' dir='ltr'><strong>&#39;lauto</strong></span> <span class='ocrx_word' id='word_1_788' title='bbox 1498 5472 1579 5544; x_wconf 89' lang='lat' dir='ltr'><strong>igitur</strong></span> <span class='ocrx_word' id='word_1_789' title='bbox 1594 5474 1644 5530; x_wconf 92' lang='lat' dir='ltr'><strong>buc</strong></span> <span class='ocrx_word' id='word_1_790' title='bbox 1658 5488 1711 5530; x_wconf 92' lang='lat' dir='ltr'><strong>uno</strong></span> <span class='ocrx_word' id='word_1_791' title='bbox 1725 5474 1821 5545; x_wconf 83' lang='lat' dir='ltr'><strong>praesi-</strong></span> 
     </span>
    </p>
   </div>
   <div class='ocr_carea' id='block_1_11' title="bbox 169 5564 1820 5749">
    <p class='ocr_par' dir='ltr' id='par_1_12' title="bbox 169 5564 1820 5749">
     <span class='ocr_line' id='line_1_66' title="bbox 169 5564 1818 5654; baseline -0.011 -14"><span class='ocrx_word' id='word_1_792' title='bbox 169 5580 272 5640; x_wconf 84' lang='lat' dir='ltr'><strong>etlsnici</strong></span> <span class='ocrx_word' id='word_1_793' title='bbox 295 5596 348 5637; x_wconf 91' lang='lat' dir='ltr'><strong>non</strong></span> <span class='ocrx_word' id='word_1_794' title='bbox 366 5588 429 5638; x_wconf 89' lang='lat' dir='ltr'><strong>aute</strong></span> <span class='ocrx_word' id='word_1_795' title='bbox 447 5580 615 5654; x_wconf 78' lang='lat' dir='ltr'><strong>apotheosim</strong></span> <span class='ocrx_word' id='word_1_796' title='bbox 635 5580 790 5641; x_wconf 71' lang='lat' dir='ltr'><strong>Caemribus</strong></span> <span class='ocrx_word' id='word_1_797' title='bbox 809 5578 968 5640; x_wconf 83' lang='lat' dir='ltr'><strong>tribuebant</strong></span> <span class='ocrx_word' id='word_1_798' title='bbox 1019 5572 1076 5641; x_wconf 88' lang='lat' dir='ltr'><strong>dio,</strong></span> <span class='ocrx_word' id='word_1_799' title='bbox 1092 5566 1239 5641; x_wconf 82' lang='lat' dir='ltr'><strong>gentilibus</strong></span> <span class='ocrx_word' id='word_1_800' title='bbox 1258 5564 1366 5633; x_wconf 91' lang='lat' dir='ltr'><strong>collato,</strong></span> <span class='ocrx_word' id='word_1_801' title='bbox 1381 5564 1560 5621; x_wconf 86' lang='lat' dir='ltr'><strong>ostendebant</strong></span> <span class='ocrx_word' id='word_1_802' title='bbox 1580 5580 1610 5623; x_wconf 88' lang='lat' dir='ltr'><strong>se</strong></span> <span class='ocrx_word' id='word_1_803' title='bbox 1632 5580 1686 5622; x_wconf 92' lang='lat' dir='ltr'><strong>non</strong></span> <span class='ocrx_word' id='word_1_804' title='bbox 1707 5565 1818 5623; x_wconf 87' lang='lat' dir='ltr'><strong>bomani</strong></span> 
     </span>
     <span class='ocr_line' id='line_1_67' title="bbox 171 5657 1820 5749; baseline -0.021 1"><span class='ocrx_word' id='word_1_805' title='bbox 171 5674 240 5749; x_wconf 71' lang='lat' dir='ltr'><strong>(cop.</strong></span> <span class='ocrx_word' id='word_1_806' title='bbox 252 5674 299 5743; x_wconf 68' lang='lat'><strong>3³2</strong></span> <span class='ocrx_word' id='word_1_807' title='bbox 314 5673 384 5745; x_wconf 55' lang='grc' dir='ltr'><strong>ΜΠ</strong></span> <span class='ocrx_word' id='word_1_808' title='bbox 619 5687 622 5692; x_wconf 88' lang='grc'><strong>’</strong></span> <span class='ocrx_word' id='word_1_809' title='bbox 1021 5667 1131 5741; x_wconf 85' lang='lat' dir='ltr'><strong>quidem</strong></span> <span class='ocrx_word' id='word_1_810' title='bbox 1146 5660 1272 5737; x_wconf 87' lang='lat' dir='ltr'><strong>generis,</strong></span> <span class='ocrx_word' id='word_1_811' title='bbox 1293 5657 1340 5716; x_wconf 87' lang='lat' dir='ltr'><strong>sed</strong></span> <span class='ocrx_word' id='word_1_812' title='bbox 1354 5660 1466 5726; x_wconf 87' lang='lat' dir='ltr'><strong>erroris,</strong></span> <span class='ocrx_word' id='word_1_813' title='bbox 1492 5659 1529 5715; x_wconf 93' lang='lat' dir='ltr'><strong>uti</strong></span> <span class='ocrx_word' id='word_1_814' title='bbox 1552 5659 1680 5718; x_wconf 88' lang='lat' dir='ltr'><strong>ltactenus</strong></span> <span class='ocrx_word' id='word_1_815' title='bbox 1693 5658 1820 5732; x_wconf 86' lang='lat' dir='ltr'><strong>probavi·</strong></span> 
     </span>
    </p>
   </div>
   <div class='ocr_carea' id='block_1_12' title="bbox 169 5748 1895 5937">
    <p class='ocr_par' dir='ltr' id='par_1_13' title="bbox 169 5748 1895 5937">
     <span class='ocr_line' id='line_1_68' title="bbox 203 5748 1528 5840; baseline -0.013 -14"><span class='ocrx_word' id='word_1_816' title='bbox 203 5769 263 5840; x_wconf 81' lang='lat' dir='ltr'><strong>Qua</strong></span> <span class='ocrx_word' id='word_1_817' title='bbox 275 5770 365 5825; x_wconf 90' lang='lat' dir='ltr'><strong>aulem</strong></span> <span class='ocrx_word' id='word_1_818' title='bbox 381 5762 507 5825; x_wconf 75' lang='lat' dir='ltr'><strong>facilitate</strong></span> <span class='ocrx_word' id='word_1_819' title='bbox 517 5777 545 5824; x_wconf 91' lang='lat' dir='ltr'><strong>ct</strong></span> <span class='ocrx_word' id='word_1_820' title='bbox 556 5766 694 5827; x_wconf 87' lang='lat' dir='ltr'><strong>euidentia</strong></span> <span class='ocrx_word' id='word_1_821' title='bbox 706 5761 890 5827; x_wconf 73' lang='lat' dir='ltr'><strong>Tertullianus</strong></span> <span class='ocrx_word' id='word_1_822' title='bbox 899 5760 968 5826; x_wconf 82' lang='lat' dir='ltr'><strong>hac·</strong></span> <span class='ocrx_word' id='word_1_823' title='bbox 1023 5776 1094 5829; x_wconf 89' lang='lat' dir='ltr'><strong>mus,</strong></span> <span class='ocrx_word' id='word_1_824' title='bbox 1109 5772 1170 5816; x_wconf 87' lang='lat' dir='ltr'><strong>esse</strong></span> <span class='ocrx_word' id='word_1_825' title='bbox 1185 5754 1307 5813; x_wconf 89' lang='lat' dir='ltr'><strong>inimicos</strong></span> <span class='ocrx_word' id='word_1_826' title='bbox 1322 5750 1392 5827; x_wconf 84' lang='lat' dir='ltr'><strong>(cap.</strong></span> <span class='ocrx_word' id='word_1_827' title='bbox 1406 5752 1453 5821; x_wconf 79' lang='lat' dir='ltr'><strong>tte,</strong></span> <span class='ocrx_word' id='word_1_828' title='bbox 1470 5748 1528 5826; x_wconf 82' lang='grc'>57).</span> 
     </span>
     <span class='ocr_line' id='line_1_69' title="bbox 169 5844 1895 5937; baseline -0.005 -24"><span class='ocrx_word' id='word_1_829' title='bbox 169 5868 248 5923; x_wconf 60' lang='lat' dir='ltr'><strong>eppa</strong></span> <span class='ocrx_word' id='word_1_830' title='bbox 261 5862 421 5937; x_wconf 68' lang='lat' dir='ltr'><strong>probaverat</strong></span> <span class='ocrx_word' id='word_1_831' title='bbox 433 5859 595 5923; x_wconf 66' lang='lat' dir='ltr'><strong>cincinnos</strong></span> <span class='ocrx_word' id='word_1_832' title='bbox 610 5875 666 5923; x_wconf 78' lang='lat' dir='ltr'><strong>non</strong></span> <span class='ocrx_word' id='word_1_833' title='bbox 680 5860 899 5924; x_wconf 60' lang='lat' dir='ltr'><strong>praeseminare·</strong></span> <span class='ocrx_word' id='word_1_834' title='bbox 910 5873 969 5923; x_wconf 68' lang='lat' dir='ltr'><strong>man</strong></span> <span class='ocrx_word' id='word_1_835' title='bbox 1060 5850 1169 5912; x_wconf 87' lang='lat' dir='ltr'><strong>&#39;lrausit</strong></span> <span class='ocrx_word' id='word_1_836' title='bbox 1189 5846 1252 5926; x_wconf 87' lang='lat' dir='ltr'><strong>iude</strong></span> <span class='ocrx_word' id='word_1_837' title='bbox 1264 5856 1359 5906; x_wconf 89' lang='lat' dir='ltr'><strong>auctor</strong></span> <span class='ocrx_word' id='word_1_838' title='bbox 1373 5853 1466 5905; x_wconf 84' lang='lat' dir='ltr'><strong>noster</strong></span> <span class='ocrx_word' id='word_1_839' title='bbox 1485 5844 1519 5904; x_wconf 88' lang='lat' dir='ltr'><strong>ad</strong></span> <span class='ocrx_word' id='word_1_840' title='bbox 1534 5844 1645 5905; x_wconf 88' lang='lat' dir='ltr'><strong>alteram</strong></span> <span class='ocrx_word' id='word_1_841' title='bbox 1666 5858 1717 5905; x_wconf 87' lang='lat' dir='ltr'><strong>uec</strong></span> <span class='ocrx_word' id='word_1_842' title='bbox 1733 5846 1823 5905; x_wconf 83' lang='lat' dir='ltr'><strong>urinas</strong></span> <span class='ocrx_word' id='word_1_843' title='bbox 1892 5870 1895 5878; x_wconf 96' lang='lat'><em>·</em></span> 
     </span>
    </p>
   </div>
   <div class='ocr_carea' id='block_1_13' title="bbox 0 0 2047 6324">
    <p class='ocr_par' dir='ltr' id='par_1_14' title="bbox 0 0 2047 6324">
     <span class='ocr_line' id='line_1_70' title="bbox 0 0 2047 6324; baseline 0 0"><span class='ocrx_word' id='word_1_844' title='bbox 0 0 2047 6324; x_wconf 95' lang='lat' dir='ltr'><strong> </strong></span> 
     </span>
    </p>
   </div>
  </div>
 </body>
</html>
