4084 6334
272 366 327 428 785
810 358 844 415 tlt
863 352 1095 427 TERTULUle
1111 350 1378 415 aaobbuartctttt
1870 358 1924 416 m

270 493 340 552 erat,
354 495 406 538 nou
432 479 520 538 solnm
552 476 671 546 nomine,
693 474 742 533 sed
776 474 843 546 ipsis
874 474 956 530 etiarn
989 470 1166 533 rebusAsui
1185 470 1274 529 locum
1294 472 1444 545 Cyprianus
1466 473 1619 546 decerpsit,
1642 488 1675 534 ac
1695 475 1817 549 quaedam
1841 476 1919 532 criarn

271 572 460 645 discrepantia.
490 569 582 628 Primo
607 569 703 637 eninr,
730 568 802 625 sicut
824 582 906 623 nemo
932 562 1070 622 nesciebat
1121 564 1236 635 ipsamet
1248 565 1307 636 eius
1320 565 1402 623 rerba
1423 567 1525 625 lrunccc
1539 569 1566 624 in
1581 567 1844 645 ruodummmuatus
1858 578 1918 625 est:

271 677 370 741 quanta
383 667 463 724 luerit
476 665 630 723 ludaeorum
645 663 792 735 antiquitas
807 704 816 733 ,
830 662 867 718 ita
887 660 978 717 nullus
992 659 1070 730 plane
1120 654 1219 712 lodoin
1237 658 1346 729 primunr
1364 668 1418 715 erm
1436 661 1506 731 apud
1519 658 1602 715 Deum
1617 663 1710 731 protirr.
1726 662 1771 717 Sic
1785 660 1846 717 olim
1856 662 1919 733 parti

268 760 411 831 iprrorabat
432 757 568 815 Christum
592 769 654 814 esse
675 756 834 823 bominem,
856 770 938 826 quern
961 753 1071 824 ipsimet
1121 758 1209 817 erant,
1225 750 1262 805 sic
1274 758 1384 821 umjorcs
1401 766 1491 807 eoram
1503 753 1666 825 religionibus
1682 752 1841 808 obediebant.
1857 750 1921 809 lude

267 854 355 914 iudai
368 870 421 911 non
434 854 550 925 alonpu,
563 852 601 908 uti
614 867 676 907 mon
689 848 938 915 animadvertimus,
948 857 1069 917 ternpore
1119 841 1174 897 illis
1190 852 1216 897 et
1233 844 1304 915 repni
1320 844 1463 900 sublimitas
1483 846 1593 917 ploruit,
1607 856 1630 901 at
1651 848 1749 918 pencris
1772 846 1920 919 ruapnituda

265 947 469 1020 indicauerunt,
482 958 514 1002 ac
532 946 621 1002 crucis
643 943 794 1001 allecerunt
805 942 950 1013 supplicio.
966 940 1069 997 Deinde
1120 937 1245 1007 preteriit.
1259 937 1313 995 Sed
1327 938 1366 994 illi
1380 938 1535 1012 rreplipenter
1545 982 1552 1006 ,
1561 938 1772 1019 p'rrdlsciplinari,
1786 948 1809 995 et
1821 940 1921 1010 superbi
2019 934 2021 953 ³

267 1040 306 1098 illi
325 1042 397 1098 inter
415 1055 445 1099 sc
459 1038 624 1096 dissidebant
637 1038 718 1093 nicam
735 1034 935 1107 exceptionibus,
951 1033 1002 1089 iroc
1027 1042 1069 1089 cst
1120 1030 1279 1101 postmodum
1290 1031 1353 1103 [acti
1361 1074 1369 1099 ,
1381 1041 1405 1087 et
1416 1032 1513 1103 fiducia
1528 1042 1630 1103 patrum
1643 1028 1727 1103 irr'llati
1738 1073 1746 1100 ,
1757 1031 1819 1086 dam
1834 1031 1920 1087 diuina

143 1156 151 1161 ·
265 1135 426 1207 quibusdam
436 1133 557 1190 ciborum
570 1132 724 1203 perscribas,
735 1129 832 1201 quibas
845 1127 871 1182 bi
885 1125 1066 1194 abstinebunt,
1119 1131 1246 1193 praccepta
1260 1130 1422 1179 contemnunt
1434 1164 1441 1189 ,
1453 1124 1541 1179 datam
1552 1124 1601 1180 sili
1616 1124 1726 1205 proliano
1745 1123 1919 1194 perdiderant.

264 1228 379 1285 illirero
392 1228 543 1284 utebantur.
555 1225 759 1291 Tertio,secum
773 1219 960 1292 discrepabant
974 1222 1068 1275 solenu-
1121 1214 1204 1281 Quane
1225 1232 1282 1271 uero
1301 1216 1376 1289 luerit
1395 1218 1446 1272 illic
1468 1220 1580 1291 prolana
1598 1218 1659 1286 uita,
1674 1232 1731 1289 pue
1744 1228 1875 1273 eontracta
1889 1221 1922 1276 sit

264 1322 388 1382 nitatibus
407 1322 506 1377 diuum
518 1363 526 1389 ,
539 1336 600 1393 qaae
619 1318 691 1391 apud
714 1328 843 1387 utrasque
856 1324 934 1371 crant
955 1326 1066 1385 prorsus
1118 1308 1220 1364 utoloro
1231 1309 1362 1382 relipionis
1376 1310 1489 1383 alletrsa,
1501 1311 1551 1383 ipsi
1563 1327 1663 1381 paapue
1673 1319 1810 1399 testantur,
1820 1312 1864 1384 puri
1874 1314 1922 1369 etsi

265 1414 389 1471 diuersae.
410 1415 531 1486 Denique
547 1412 705 1469 differebant
723 1413 780 1484 ipro
798 1408 940 1482 sipnaoalo,
954 1407 1023 1471 sire,
1038 1415 1067 1462 ut
1118 1416 1178 1457 aare
1202 1412 1306 1471 taceret,
1325 1404 1395 1459 coita
1414 1402 1577 1473 confitertur.
1602 1402 1720 1476 Disperii
1738 1414 1762 1459 et
1780 1406 1920 1477 palabundi

264 1511 305 1566 ait
320 1508 538 1566 biiuutiuslielin
551 1552 560 1577 ,
572 1507 692 1563 notaculo
709 1504 842 1577 corporis,
855 1503 928 1573 pund
947 1501 981 1557 ab
993 1501 1066 1569 bpo·
1117 1508 1262 1569 napautur,
1278 1500 1326 1554 soli
1341 1509 1365 1554 et
1378 1500 1434 1556 areli
1449 1501 1491 1555 sui
1507 1500 1632 1573 prolupi,
1648 1516 1693 1573 per
1706 1502 1818 1571 lrospitia
1836 1502 1921 1558 alicua

263 1602 345 1670 stole,
368 1603 469 1675 ciprum
493 1598 709 1660 circumcisionis.
734 1607 758 1652 et
781 1596 941 1667 sipunculunt
958 1591 1066 1664 justitior
1112 1596 1247 1665 jactantur
1269 1593 1405 1675 (Cypriam
1428 1598 1460 1652 de
1479 1596 1572 1652 idolor.
1593 1590 1673 1652 canit.
1698 1613 1758 1683 ppp.
1786 1596 1843 1669 15).
1866 1596 1920 1655 Sed

263 1694 325 1767 fidoi
345 1695 371 1749 iu
391 1695 517 1768 praeputio
535 1702 646 1750 uocatur
669 1690 776 1760 lilium.
793 1687 887 1754 l'elia,
909 1702 970 1757 pap.
1000 1681 1063 1739 376·
1117 1687 1176 1745 brac
1194 1688 1250 1760 jam
1273 1688 1414 1747 retulimus
1435 1690 1461 1745 in
1486 1690 1675 1749 dissertatione
1694 1703 1786 1747 trustra
1805 1688 1839 1747 de
1852 1690 1920 1749 libro

261 1788 345 1845 Paul.
359 1788 444 1861 Epist.
460 1788 496 1843 ad
511 1788 587 1844 liora.
604 1785 649 1842 tv.
665 1801 724 1851 cap.
735 1784 776 1855 l).
802 1782 883 1852 arqui
902 1778 1064 1835 lraecomnia
1116 1780 1221 1839 blluutii
1248 1782 1359 1852 letters,
1388 1784 1432 1855 qui
1460 1784 1523 1840 iude
1545 1770 1643 1840 Caecilii
1673 1784 1848 1855 pervicaciam
1875 1798 1920 1842 re·

262 1879 700 1941 Caristtnrrisetlnuaetsdebobnnt
710 1892 770 1933 csse
778 1871 1065 1944 communia,sicldcm
1080 1872 1105 1933 B
1120 1875 1206 1933 tundit.
1221 1874 1368 1948 (Dicentur.
1382 1878 1408 1933 iu
1423 1874 1518 1933 dlirtut.
1532 1894 1591 1949 cap.
1606 1876 1633 1932 6.
1645 1886 1695 1932 art.
1709 1876 1748 1951 5).

262 1976 321 2034 lieo
336 1976 565 2047 manciparentur.
1151 1974 1187 2029 bt
1199 1988 1251 2028 non
1263 1973 1349 2031 solum
1360 1973 1446 2030 bucet
1458 1973 1520 2030 illuc
1530 1988 1578 2044 per
1589 1980 1673 2029 totum
1682 1982 1813 2029 terrarmn
1823 1972 1917 2031 orbem

295 2070 331 2125 At
351 2083 421 2125 nora
442 2084 496 2124 non
518 2066 567 2124 fuir
588 2065 647 2122 banc
666 2081 721 2121 nnn
741 2062 823 2121 nodo
839 2061 991 2135 gentilium.
1012 2058 1060 2115 sed
1112 2064 1341 2123 ludaeierrontac
1354 2075 1482 2139 ungantur
1497 2082 1505 2133 ;
1518 2066 1564 2123 scd
1579 2081 1632 2122 nec
1646 2066 1711 2135 ipsis
1724 2080 1840 2138 puopm,
1854 2080 1917 2138 per-

259 2162 341 2218 etiam
354 2160 509 2218 ludaeorum
523 2146 652 2215 adrcr'sas
663 2157 832 2214 Clttisiiauus
851 2154 1059 2225 argumentatio.
1112 2160 1152 2232 git
1165 2159 1367 2227 Tertullianus,
1383 2160 1538 2217 aduenarum
1549 2159 1610 2232 p'ure
1628 2168 1722 2213 terram
1735 2158 1845 2231 patriam
1859 2158 1915 2213 sol-

256 2252 326 2311 Nam
337 2252 460 2309 lustinus
478 2260 581 2324 martyr
598 2250 624 2305 in
639 2266 687 2307 sua
705 2249 740 2304 ad
752 2248 863 2304 uranos
874 2245 1061 2302 cohortatione
1112 2261 1163 2306 tene
1181 2253 1286 2324 uestipio
1303 2252 1415 2308 mturare
1431 2252 1576 2307 conceditur
1592 2248 1759 2321 (Tertullian.
1778 2252 1829 2306 loc.
1846 2248 1916 2325 cin).

256 2345 331 2401 illam
343 2345 482 2414 gentilium
496 2344 605 2399 nominc
617 2344 657 2399 sic
670 2355 769 2412 urget:
784 2346 816 2396 Ei
827 2347 852 2396 ii
865 2346 904 2403 ris
914 2346 1001 2406 odoror
1013 2354 1061 2392 ’τῶν
1112 2343 1163 2403 Ubi
1179 2360 1244 2403 reru
1265 2356 1359 2403 carrata
1379 2344 1488 2403 eosdem
1510 2344 1617 2401 latinos
1640 2342 1798 2400 rronriuatim
1819 2344 1873 2400 alio
1889 2345 1916 2400 in

258 2449 387 2511 apexanes
401 2439 683 2505 dastttpenrieuptaoa,
698 2440 862 2505 tribuleris
880 2441 977 2503 platon
996 2436 1060 2485 rei·
1112 2436 1180 2493 libro
1201 2438 1335 2509 disputat,
1352 2438 1440 2511 palam
1455 2437 1543 2493 adbuc
1565 2436 1663 2493 asserit
1687 2435 1751 2493 illud
1766 2450 1817 2492 uon
1832 2435 1915 2494 modo

255 2552 312 2595 aar,
325 2536 387 2586 atta
401 2520 519 2588 feriebar
529 2542 665 2600 aperiam.
681 2531 722 2581 διὰ
735 2536 765 2581 ri
779 2534 817 2581 en
828 2532 867 2580 νῦν
879 2530 902 2579 ir
912 2527 967 2583 raia
986 2543 1059 2577 rora·
1111 2528 1151 2584 eis
1165 2544 1218 2583 non
1239 2530 1397 2601 permissum
1411 2571 1419 2598 ,
1433 2528 1480 2587 scd
1496 2530 1577 2585 etiarn
1593 2530 1720 2599 retitum,
1736 2527 1914 2601 quemadmo-

256 2627 342 2695 popalp
365 2628 442 2680 aaran
454 2628 580 2691 σώζεσθιι,
594 2625 636 2675 nai
654 2631 737 2689 porat
765 2627 829 2689 apres
848 2626 874 2673 lo
887 2621 976 2673 nabar
998 2621 1060 2686 ,olra-
1110 2620 1174 2677 dum
1187 2636 1203 2676 a
1215 2636 1294 2678 sacro
1309 2622 1456 2693 propbeta,
1470 2622 1593 2679 uidelicet
1607 2620 1690 2691 isaia,
1706 2624 1914 2693 praerumtiatum

256 2740 305 2772 rto
329 2727 374 2777 ri»
399 2724 529 2771 transcensa
551 2723 714 2785 musionium
738 2722 801 2782 tapso
819 2713 928 2784 (lustin.
949 2719 1057 2781 attolat·
1110 2713 1189 2785 longe
1201 2722 1280 2771 arrtca
1295 2713 1391 2771 luerat.
1405 2714 1485 2783 liudi,
1497 2729 1597 2788 pttmso,
1610 2714 1668 2785 ejus
1679 2717 1757 2772 rerba
1771 2734 1777 2770 :
1790 2716 1914 2773 Arrinrud-

256 2806 361 2863 Colrort.
375 2808 411 2863 ad
420 2807 503 2863 Gracc.
516 2819 578 2878 pap.
592 2806 649 2875 ill:
663 2806 695 2860 dt
706 2807 728 2862 si
740 2808 902 2876 puiseoruur,
913 2803 1059 2866 attilam
1110 2808 1229 2862 uertinrus
1241 2824 1308 2863 naua
1321 2809 1445 2864 uenrirrem
1461 2810 1493 2863 dc
1505 2824 1595 2881 perere
1609 2807 1694 2863 lsrael
1706 2808 1738 2863 iu·
1746 2809 1845 2865 ciuitate
1858 2808 1913 2865 Be·

254 2903 428 2957 contradicere
450 2910 632 2957 consummat
644 2942 652 2967 ,
677 2900 749 2955 nodis
762 2898 866 2970 obiiciat
884 2914 936 2953 non
957 2909 1058 2953 nastros
1109 2898 1220 2955 abionem
1228 2902 1388 2967 rerrrourr'sse,
1397 2910 1420 2956 et
1431 2899 1523 2956 calade
1532 2902 1599 2971 puod
1609 2900 1770 2957 interdictum
1780 2909 1827 2969 est,
1839 2918 1871 2957 rte
1884 2902 1913 2958 iu

256 2995 304 3049 lros
324 3010 397 3066 esse,
410 2994 621 3050 cedludoeoruut
640 2994 734 3058 libras,
754 3002 780 3047 et
797 3009 842 3064 per
861 2992 998 3045 uanitatem
1011 3005 1058 3044 rtos
1109 2994 1220 3063 candorio
1232 2994 1312 3066 ipsias
1324 2995 1434 3067 repictus
1447 2994 1594 3071 densaretur
1605 2996 1738 3065 quisquam
1747 2996 1911 3067 ludrearrurr,

254 3090 353 3156 iactare
364 3090 512 3163 relipioncnr
530 3106 562 3145 eo
578 3090 614 3145 cis
627 3090 743 3145 lrausirce
756 3089 834 3143 dicat.
851 3086 911 3143 ntro
925 3096 1014 3145 autern
1030 3085 1070 3143 ln·
1109 3085 1148 3142 nel
1160 3086 1208 3141 lroc
1220 3103 1318 3156 quaque
1328 3096 1391 3143 esset
1407 3088 1572 3158 adirrrpletnm
1586 3104 1631 3160 per
1639 3085 1913 3161 Proplretaumlerra

256 3181 327 3239 libro
339 3181 473 3250 ludorum,
486 3183 581 3240 eodem
596 3198 650 3255 quo
662 3182 841 3240 Tertullianus
853 3180 945 3247 modo,
960 3181 1057 3238 Cirris·
1108 3190 1190 3237 nestro
1203 3181 1312 3249 deserto,
1324 3182 1436 3236 ciuitates
1448 3191 1534 3238 nesure
1546 3182 1599 3253 ipni
1610 3191 1733 3249 eorrstrar
1746 3181 1774 3235 id
1787 3192 1833 3248 ert,
1842 3182 1912 3250 parad

254 3275 336 3331 tianis
350 3274 408 3331 bare
430 3275 610 3347 objectantem
629 3276 669 3332 sic
683 3274 785 3331 inducit
799 3294 806 3330 :
819 3270 900 3332 ι’*ιιῐνο
911 3279 937 3330 δὲ
947 3268 1091 3347 inopia-C
1108 3270 1166 3328 belli
1175 3274 1329 3345 terrrporaeis
1339 3276 1448 3329 auerterit
1470 3272 1569 3348 (lenire,
1587 3292 1646 3348 cop.
1657 3273 1677 3330 1.
1691 3273 1738 3347 Ιι”);
1754 3294 1763 3328 r
1783 3274 1912 3348 replerent

253 3390 296 3436 μιν
306 3374 426 3436 petora,
440 3372 463 3423 d
476 3371 543 3437 iperio
556 3373 655 3423 moenaio
665 3376 780 3439 liparen,
790 3370 833 3421 nai
854 3382 900 3423 τῶν
913 3373 988 3422 ἄλλων
1007 3368 1056 3419 itl-
1106 3374 1215 3421 ueslrnut
1226 3366 1254 3419 t'rt
1267 3378 1404 3438 corrspecta
1418 3376 1497 3421 uestro
1512 3368 1591 3422 caleri
1604 3354 1746 3435 contaedeat,
1760 3379 1782 3423 et
1798 3369 1908 3436 deserta,

252 3480 319 3527 panor
340 3448 472 3532 braplpnr,
485 3460 539 3515 κοτ’
562 3462 627 3515 stan
640 3463 718 3516 aaron
731 3461 894 3523 lustrarent«,
908 3462 962 3514 adii
983 3460 1054 3513 itat-
1104 3467 1130 3513 et
1142 3454 1261 3512 subuersa
1274 3458 1323 3513 erit
1342 3474 1358 3511 a
1371 3458 1474 3529 populis
1483 3458 1608 3514 olienis.»
1624 3457 1659 3513 Et
1672 3461 1724 3515 allo
1739 3461 1795 3517 loco
1809 3462 1844 3516 ric
1863 3478 1911 3531 per

175 3594 180 3603 .
252 3554 561 3609 amaricationes
579 3562 620 3606 aaa
639 3557 862 3623 improperari
887 3557 1054 3619 τῷμιιτετάς
1103 3542 1263 3624 Proplrelam
1272 3550 1383 3607 dlct'lur:
1399 3570 1408 3602 r
1425 3550 1520 3625 llepeur
1534 3568 1591 3607 curn
1599 3552 1714 3609 claritate
1725 3553 1864 3622 uidebitis,r
1881 3554 1910 3609 t'd

251 3648 345 3716 loprae,
356 3658 419 3713 raiae
432 3634 466 3699 nir
476 3650 585 3699 nasson
598 3648 687 3716 τηρεῖν,
701 3666 763 3711 erar
774 3652 819 3698 rie
836 3653 966 3714 «operosis
980 3650 1052 3713 ἔχειν,
1104 3656 1150 3715 cst,
1166 3645 1296 3701 Claristum
1308 3646 1443 3717 facientem
1458 3646 1561 3700 uirtutes
1574 3645 1600 3699 iu
1623 3644 1706 3717 pluria
1729 3644 1777 3701 Dei
1802 3645 1908 3714 Patris,

251 3741 294 3791 nai
304 3745 342 3793 int
352 3738 388 3793 lar·
402 3744 521 3811 leopanto
534 3746 699 3813 arcopolim
723 3746 768 3798 aas
787 3740 883 3798 listins
902 3743 1051 3806 ποιούμενοι.
1108 3750 1155 3795 ret
1169 3739 1237 3795 oculi
1252 3740 1327 3795 uestri
1346 3738 1465 3793 ridebunt
1477 3747 1571 3792 imant
1597 3737 1629 3791 de
1648 3737 1784 3807 lonplnpuo
1797 3756 1807 3789 r
1822 3737 1907 3808 (lbid.

251 3828 341 3900 (idem
351 3827 456 3901 Dialop.
472 3847 530 3885 cunr
545 3829 644 3902 Trpplr.
662 3847 722 3901 pop.
737 3830 813 3899 227).
829 3828 905 3883 lllud
914 3840 981 3885 certe
992 3830 1051 3899 pal·
1103 3848 1161 3904 cap.
1176 3828 1296 3889 xxattt.
1323 3830 1378 3902 l'l).
1394 3830 1470 3898 Quod
1484 3830 1553 3885 uobis
1563 3844 1610 3901 pro
1625 3829 1719 3883 irruitis
1740 3830 1829 3883 uestris
1849 3841 1911 3898 post

251 3924 311 3978 dero
323 3924 474 3995 ambipeudo
485 3924 596 3979 nunciare
608 3924 732 3979 mirantur
743 3940 798 3989 cos,
810 3924 855 3993 pui
868 3940 954 3979 nerant
967 3924 1051 3991 iacta·
1103 3924 1317 3996 eapupuationcnr
1333 3920 1478 3977 Jerusalem
1499 3921 1632 3993 probibitio
1654 3921 1752 3992 irrpredi
1770 3921 1797 3975 in
1811 3930 1911 3977 turam

251 4015 285 4071 tis
298 4016 467 4088 redolerent,
482 4028 506 4071 et
519 4017 578 4073 aliis
591 4016 734 4073 leoruinllutr
745 4027 868 4087 praestare
881 4018 978 4082 celric,
993 4033 1052 4071 curra
1103 4028 1229 4086 uestram,
1253 4018 1286 4071 de
1302 4016 1439 4088 lonqinquo
1462 4030 1517 4069 euna
1541 4013 1623 4069 carolis
1642 4024 1741 4068 tanturn
1751 4014 1835 4070 uidere
1845 4032 1909 4086 per-

251 4109 318 4164 ntatt
338 4109 370 4163 ab
390 4111 426 4168 eir
443 4110 554 4177 carielli,
578 4111 665 4165 eloito
685 4111 798 4181 dependo
815 4110 880 4165 nibil
899 4126 915 4163 a
935 4109 1052 4181 pentibus
1103 4112 1208 4166 nrircum
1232 4120 1269 4165 est
1289 4107 1390 4181 (ldeur,
1414 4107 1458 4163 lib.
1473 4108 1531 4161 ado.
1546 4106 1635 4163 ludar.
1654 4124 1716 4177 cap.
1738 4106 1794 4179 lb).
1827 4108 1910 4168 Prior
1952 4144 1956 4151 ·

252 4200 402 4273 disperatisp
426 4209 513 4272 utpote
524 4201 567 4272 pai
582 4218 661 4272 uepuc
678 4202 755 4271 leston
766 4202 839 4267 dies,
855 4216 936 4273 nepote
946 4200 1051 4256 wicta
1103 4218 1211 4276 qouque
1225 4204 1270 4259 illc
1285 4202 1360 4259 isaiae
1374 4203 1450 4258 lucus
1463 4201 1479 4257 a
1492 4200 1627 4273 Cypriane
1639 4202 1760 4259 earundem
1775 4202 1810 4259 ob
1823 4218 1907 4262 caus-

252 4293 370 4359 sernetis,
382 4308 464 4363 napae
475 4293 691 4347 circumcisionem
708 4292 838 4359 lrabeatt‘s,
852 4302 928 4367 atpuc
944 4294 1052 4361 r'ttsuper
1102 4312 1159 4353 sam
1174 4297 1272 4353 citatur
1283 4296 1373 4367 (Cppr.
1387 4296 1431 4351 lit.
1446 4294 1466 4350 1.
1484 4296 1543 4351 udo.
1559 4293 1648 4351 luae.
1666 4294 1680 4367 ᾖ
1695 4295 1722 4351 6.
1739 4314 1800 4369 pap.
1816 4291 1874 4370 22).

253 4385 282 4439 iu
296 4385 398 4439 leontiae
411 4384 535 4455 crucifixo
547 4401 618 4456 spem
633 4386 770 4440 collocetis.
1137 4388 1177 4444 Ea
1198 4403 1278 4460 porro
1309 4387 1447 4459 praedictio
1463 4403 1513 4454 ‚ac
1536 4388 1710 4457 subsecutum
1747 4388 1840 4459 patriar
1859 4389 1906 4447 in·

286 4474 443 4548 Respondet
459 4476 548 4547 itaque
562 4476 743 4533 Tertullianus
759 4478 902 4533 niaximum
918 4476 984 4534 olim
1003 4475 1050 4533 lu·
1101 4494 1195 4551 pressu
1218 4480 1386 4539 interdictum
1411 4479 1445 4535 ab
1467 4488 1578 4536 anctore
1605 4480 1749 4537 Eusebiani
1771 4479 1909 4557 Cbrouici¹

250 4567 371 4625 dacorum
387 4563 552 4640 luissc'apud
573 4568 657 4625 Deum
673 4569 797 4640 prauam,
810 4571 842 4624 ob
864 4570 988 4643 insipncur
1003 4570 1049 4642 p'u-
1102 4572 1176 4633 bisce
1190 4576 1278 4633 uerbis
1291 4577 1484 4633 curtlirmutur:
1501 4574 1602 4631 liellurn
1623 4576 1779 4642 ludaicmn,
1795 4577 1863 4648 puod
1876 4577 1904 4633 in

249 4662 348 4718 stillant
369 4670 394 4717 et
419 4663 498 4730 fidem
522 4662 686 4735 oripiuullurrr
713 4674 845 4719 auctorum
871 4663 1049 4734 (Tertulliano.
1063 4665 1091 4727 D
1103 4665 1245 4725 Pollentina
1256 4668 1407 4741 parebatur,
1420 4670 1498 4738 praeut
1524 4668 1641 4738 accepit,
1656 4668 1729 4724 rebrrs
1750 4666 1903 4723 ludaeorum

249 4756 385 4829 ripalopet.
417 4772 476 4826 cap.
500 4754 581 4827 ill,
612 4756 638 4812 id
665 4766 728 4824 cst,
756 4756 903 4827 primorum
932 4759 1048 4829 patriar-
1103 4764 1471 4836 penitusopprcssistecpuo
1484 4771 1597 4834 tempore
1610 4763 1687 4817 etium
1706 4762 1852 4818 introeundi
1865 4764 1904 4818 cis

248 4847 372 4915 aaaron,
391 4862 424 4905 0¹
439 4848 537 4919 quibus
549 4849 680 4920 Olisslbiffl
698 4864 775 4904 ⁸¹¹³!ss
787 4848 931 4906 ducebam·
947 4849 1050 4921 Qlllltll-
1100 4858 1260 4929 lerosolpnta
1274 4858 1376 4915 licentia
1385 4857 1481 4924 ablata,
1492 4858 1600 4926 priorum
1612 4854 1660 4910 liei
1671 4865 1744 4926 rtutrt,
1755 4857 1821 4913 sicul
1833 4856 1902 4913 Pro-

249 4938 343 4996 obrem
365 4947 430 4996 turre
444 4940 547 5007 leliccs,
568 4953 596 4996 et
609 4943 727 5013 pencris,
742 4941 829 4998 atille
844 4942 893 5009 ait,
917 4944 1048 5014 nrapuitu·
1100 4951 1184 5023 pluero
1204 4952 1335 5007 uaticinoti
1359 4959 1435 5018 sunt,
1451 4950 1542 5005 derude
1563 4950 1687 5006 llouroru'r
1700 4948 1901 5025 ¹interdictioni·

248 5032 324 5100 diue,
340 5044 370 5090 et
389 5035 465 5105 repul
477 5035 642 5092 sublimitate
654 5035 814 5093 iloruerant.
831 5037 866 5093 bt
878 5052 973 5095 eorum
987 5053 1048 5110 pos·
1097 5045 1144 5101 bus
1159 5044 1266 5111 lliusei⁸
1281 5044 1376 5102 Circa.
1392 5044 1426 5097 ad
1438 5060 1500 5098 oron.
1520 5042 1613 5098 Ciuica.
1633 5041 1708 5114 idai).

247 5125 310 5191 teri,
325 5124 434 5194 fiducia,
449 5126 486 5182 ita
500 5128 755 5199 ipseprosepuitur,
769 5138 871 5199 patrem
881 5130 977 5201 inpiati,
996 5131 1045 5186 de·
1134 5139 1219 5223 antea
1239 5152 1304 5193 uero
1316 5136 1438 5193 lustinus
1460 5144 1562 5207 martyr
1585 5134 1652 5191 citat
1672 5132 1796 5192 eamdem
1817 5145 1899 5207 atquc

245 5217 375 5273 uiantesu
393 5218 531 5290 disciplina
542 5221 570 5275 in
591 5224 731 5294 profanant
750 5224 867 5291 nordroni,
884 5234 1046 5295 spreverunt
1098 5231 1292 5298 Tertullianus,
1309 5230 1424 5303 priorem
1449 5227 1523 5285 isnin
1543 5228 1578 5285 de
1591 5228 1741 5301 ¹eliciendis
1761 5245 1795 5288 ex
1811 5230 1897 5301 patria

244 5309 421 5397 liei-monita,
434 5326 467 5367 ac
478 5314 643 5369 conculcatis
661 5315 720 5386 ejus
742 5315 845 5388 legibus
856 5359 864 5385 ,
877 5318 905 5374 in
919 5318 1046 5390 quaelibet
1096 5339 1145 5381 sua
1168 5323 1269 5381 iudaeis
1289 5322 1505 5380 vaticinationem
1528 5321 1637 5397 (lustin.
1655 5321 1760 5379 Colrort.
1776 5323 1811 5379 od
1824 5332 1893 5396 pent.

243 5413 358 5460 ruerunt
372 5402 498 5461 uitiorum
516 5420 624 5476 genera.
646 5406 700 5465 Sed
719 5424 799 5479 pacm
814 5409 898 5466 lieurn
912 5412 1043 5481 optimum
1096 5434 1157 5491 pop.
1170 5415 1246 5489 lb),
1260 5416 1398 5487 alteraque
1419 5414 1507 5473 adbuc
1528 5414 1802 5486 indemonstrata,
1826 5430 1895 5473 cou-

241 5506 449 5568 contempsere,
462 5496 535 5554 bunc
554 5514 677 5557 seuerum
695 5499 812 5570 jndicem
840 5506 943 5573 experti
968 5512 1041 5561 sunt.
1095 5510 1212 5568 tinonrer
1228 5508 1327 5580 adjecit
1350 5524 1357 5563 ε
1386 5500 1430 5563 t'trt
1453 5512 1478 5563 tt
1501 5516 1645 5581 potiamur
1670 5509 1707 5579 ip*
1732 5514 1811 5577 ipat,
1831 5514 1894 5570 laon

241 5590 321 5661 Quod
332 5589 441 5663 (laidem
460 5590 660 5650 evidentissime
681 5594 777 5665 pl'obdi
792 5595 879 5652 exiliis
894 5595 1041 5655 hodiernus
1093 5608 1175 5673 μηδιις
1188 5610 1211 5659 aa
1236 5608 1297 5675 ιὐτῇ
1324 5614 1436 5675 wiser,
1465 5606 1507 5656 ui
1529 5608 1628 5662 laomor
1652 5605 1718 5657 aare
1745 5608 1790 5657 aad
1815 5623 1893 5657 avra-

240 5683 437 5755 ipsorumque
450 5683 841 5755 dispersiaitbuctaruoster,
853 5688 1002 5761 palabundi,
1016 5704 1040 5747 et
1093 5704 1281 5766 asportandum
1307 5685 1415 5749 laniator
1439 5698 1548 5757 nicanor
1575 5702 1686 5767 aptarat.
1719 5688 1814 5747 Caum
1843 5708 1892 5747 au-

238 5776 296 5829 roelt'
308 5785 332 5828 et
343 5775 392 5829 coli
403 5775 702 5848 strieclorres,oapurrlur
715 5782 917 5850 prorbcrrtst'rtc
926 5784 1037 5853 lrontt'ue,
1091 5796 1142 5843 lent
1167 5797 1190 5844 el
1210 5805 1309 5844 seruare
1330 5803 1392 5854 cos,
1408 5802 1439 5842 ue
1451 5787 1508 5857 puls
1526 5785 1562 5840 lbi
1574 5788 1625 5853 sit,
1640 5774 1669 5840 c!
1691 5802 1791 5859 porram
1815 5784 1889 5855 capi·

236 5864 292 5923 sine
313 5862 370 5925 aro
392 5881 449 5937 repe
469 5864 689 5944 (indilatam
713 5880 802 5931 autem
826 5873 896 5933 lruuc
917 5876 1038 5949 magistri
1091 5878 1168 5939 talem
1183 5883 1355 5960 ¹corastitntam
1376 5895 1430 5937 osse
1459 5878 1579 5959 rodoardus¹
1597 5874 1717 5936 ludcurn
1743 5893 1772 5935 eo
1799 5876 1888 5949 inpre-
