4084 6334
329 286 402 349 titt
1039 226 1272 347 tetfwutabt
1887 296 1936 357 mg

223 410 225 421 ·
329 407 399 465 atria
423 403 563 465 nocturnis
581 411 610 462 et
627 400 719 461 enodis
744 400 953 461 salutationibus
975 403 1130 478 occupanti
1141 404 1261 476 Asidia,
1273 418 1322 463 cur
1335 404 1452 467 saluum
1466 402 1936 483 toamdeserislcurccssasaggrcli,

330 502 371 561 bd
383 516 490 561 omanem
505 514 650 559 amorreum
664 496 774 569 muniaris
793 498 923 573 cujusque
942 514 1066 571 personae
1080 498 1130 559 de·
1182 499 1256 575 guod
1268 500 1340 558 scias
1354 499 1455 559 mederi
1467 500 1534 557 tibil
1547 498 1626 557 llute
1634 498 1743 575 quidem
1760 503 1936 563 aaimeeirra·

329 602 494 665 crescentes,
511 593 591 651 trullis
605 592 737 650 corruistis
751 590 884 661 celebres,
899 590 980 649 nullis
993 605 1130 649 maressa·
1183 594 1313 659 tionalcs,
1333 593 1481 651 medicinas
1499 592 1551 651 sibi
1565 592 1693 651 diriaitus
1705 594 1838 652 attributas
1854 598 1877 653 in
1888 607 1936 655 en·

312 740 315 748 .
330 692 449 750 tionibus
461 702 622 763 congreges,
637 686 686 745 sed
699 686 821 744 exulesa
836 685 969 744 libertatis
988 695 1015 743 et
1030 686 1131 743 laetitias
1183 700 1250 759 pore
1262 695 1420 758 agnoscant.
1433 685 1538 743 Certus
1550 687 1645 759 sagitta
1660 685 1807 761 translixas,
1821 698 1848 745 ut
1863 689 1936 747 lcrrun
1981 707 1982 738 ι

329 782 470 844 felicitate.
484 781 666 855 ldquetotum
687 787 798 853 propter
817 778 969 835 uniusanni
984 777 1131 835 rolatieum
1183 788 1212 837 ct
1228 780 1419 839 irrevocabiles
1435 794 1527 838 moras
1544 780 1604 852 rjus
1623 778 1660 838 de
1677 779 1785 838 ruluere
1800 782 1897 853 expellat
1907 783 1933 855 lt]
1981 767 1982 804 ³

330 875 456 951 gaudium
471 873 522 950 (a).
537 873 602 944 Nos,
614 872 686 947 quod
699 872 834 929 securium
850 872 1020 945 virgarumve
1035 872 1131 945 petitia
1182 870 1294 931 acitsibi
1306 873 1443 931 dictamno
1453 872 1625 931 medendum.
1646 872 1775 943 birontio,
1786 872 1808 929 si
1819 888 1937 931 camere·

329 969 455 1035 sustinet,
472 966 633 1040 inperieulo
650 965 809 1024 aeternitatis
823 965 940 1023 tolerare
957 964 1131 1024 dubitamosi
1183 971 1219 1027 rit
1230 967 1338 1043 pullos,
1353 968 1431 1026 notit
1442 966 1503 1026 illos
1515 968 1624 1026 oculare
1638 982 1734 1026 rursus
1752 967 1787 1039 iel
1801 968 1832 1025 de
1842 982 1882 1025 sua
1891 969 1936 1026 cle·
1982 959 1983 1040 i

329 1075 358 1124 et
371 1063 576 1137 castigationem
587 1061 675 1119 rictus
689 1070 770 1134 atque
786 1059 876 1119 cultus
892 1059 996 1117 ollenso
1012 1060 1130 1118 bomine
1182 1062 1293 1119 lidonis.
1303 1060 1432 1119 Peccator
1444 1060 1671 1119 restituendosibi
1684 1062 1721 1133 (ῃ
1737 1061 1937 1117 institutamabe

330 1166 460 1233 praestare
479 1154 662 1223 cessabimus,
678 1168 739 1226 quaa
761 1154 876 1227 gentiles
897 1153 1005 1211 nemine
1018 1154 1131 1213 omnino
1181 1154 1465 1228 miuoexnmologesin
1479 1154 1578 1221 sciens,
1587 1153 1737 1225 preteribit
1745 1153 1813 1209 illam
1820 1152 1879 1226 (ilar
1896 1154 1936 1224 llil

331 1254 397 1311 lesu
409 1252 460 1310 sibi
474 1250 612 1323 irroganti
625 1250 658 1307 lli
668 1258 731 1306 sunt
744 1249 779 1309 de
790 1248 888 1323 ouibus
901 1248 1041 1319 Scriptura
1051 1264 1131 1307 com·
1180 1262 1242 1321 qua
1256 1246 1433 1321 babylonium
1443 1261 1535 1321 regem
1553 1248 1580 1303 in
1596 1260 1679 1319 regna
1694 1246 1823 1302 restituit?
1832 1245 1873 1327 llio
1886 1246 1936 1301 enin

331 1355 487 1403 memorat:
508 1342 672 1415 vetitisque
685 1342 777 1399 mitta
791 1357 839 1399 aaa
852 1342 920 1398 odet
938 1356 1045 1414 procera
1069 1343 1132 1417 [sae
1183 1340 1369 1415 penitentiam
1389 1340 1504 1397 bomine
1525 1340 1698 1407 immolarat,
1711 1338 1828 1410 septenni
1843 1339 1936 1409 semion

332 1447 434 1497 nectunt
448 1438 497 1514 (b).
1183 1437 1387 1509 exomologesin
1396 1445 1535 1508 operatua,
1544 1434 1674 1507 unguium
1690 1433 1820 1490 leoninum
1829 1430 1936 1488 ianodm

627 1531 742 1591 turbt
760 1530 817 1589 llll.
1182 1530 1352 1599 elleratione,
1363 1541 1392 1588 et
1403 1528 1493 1602 capilli
1506 1528 1609 1585 incuria
1623 1526 1763 1584 borrorem
1773 1524 1898 1598 aquilinum
1909 1525 1937 1596 ll)

367 1624 395 1684 Si
412 1625 446 1683 de
462 1624 643 1697 exomologesi
665 1632 811 1693 retractas,
831 1624 982 1697 gebennam
1002 1624 1031 1681 in
1047 1622 1133 1683 corde
1185 1620 1702 1699 preferentelrobmatetractattonis
1712 1616 1937 1693 (pilpaemlnnine

330 1718 569 1791 considerandam
581 1720 628 1776 tibi
636 1718 1129 1803 exomologesisexstinguit:etpmne
1143 1730 1169 1793 Β
1181 1720 1394 1801 perhorrebant,
1409 1719 1480 1777 bees
1493 1716 1643 1789 recipiebat
1656 1714 1769 1790 (baon,
1778 1711 1852 1784 xttt.
1866 1712 1935 1769 batn

331 1812 406 1887 prius
427 1812 638 1885 magnitudinem
659 1812 823 1885 imaginare,
844 1822 873 1869 ut
886 1812 921 1870 de
939 1812 1052 1871 remedii
1064 1812 1132 1871 ade·
1183 1828 1275 1874 autem
1300 1813 1432 1887 aegyptius
1457 1810 1627 1885 imperator,
1648 1809 1697 1881 gui
1719 1806 1840 1879 populatu
1856 1804 1936 1861 lieiai·

331 1906 423 1977 ptione
435 1921 487 1961 nou
500 1904 616 1962 dubites.
628 1905 696 1975 Quid
707 1904 781 1961 illum
792 1904 946 1963 tlresaurum
957 1906 1027 1980 ignis
1037 1904 1133 1963 aeterni
1183 1908 1292 1981 quando
1303 1904 1449 1970 afflictum,
1462 1903 1509 1961 diu
1527 1901 1643 1959 uomina
1655 1913 1706 1957 suo
1719 1898 1865 1970 denegatum
1874 1910 1936 1967 perte

331 2000 507 2066 aestimamus,
521 2014 582 2057 cum
599 1999 738 2057 fumariola
752 1998 875 2071 quaedam
889 1999 948 2073 ejus
964 2000 1032 2058 tales
1055 2001 1135 2057 dam·
1185 2010 1274 2071 cutus,
1288 1999 1317 2057 in
1343 1997 1464 2070 pretium
1479 1995 1557 2052 irruit
1569 2037 1577 2063 ,
1591 2001 1654 2065 post
1667 2000 1708 2049 tot
1720 1991 1864 2048 dncmneuta
1877 1987 1937 2057 plaga·

332 2080 436 2148 martum
460 2092 529 2149 ictus
546 2090 691 2159 suscitent‘,
712 2100 740 2148 ut
761 2090 890 2163 proximae
910 2092 991 2151 urbes
1014 2102 1061 2149 aut
1075 2093 1134 2163 jam
1185 2108 1262 2159 rum,
1277 2088 1390 2148 dissidio
1410 2088 1450 2162 (ἱ)
1473 2087 1566 2153 maris.
1580 2084 1655 2159 quod
1675 2083 1728 2142 soli
1747 2081 1836 2155 popula
1850 2079 1936 2152 ραιὶιιι

332 2184 414 2241 nullae
423 2192 541 2251 exstent,
551 2194 597 2241 aut
611 2184 683 2241 idem
696 2184 747 2241 sibi
760 2182 795 2241 dc
807 2183 851 2241 dic
861 2193 983 2257 sperent.
994 2185 1134 2243 Dissiliunt
1184 2186 1293 2251 licebat,
1303 2184 1432 2241 resolutis
1444 2180 1571 2239 ductibus
1580 2180 1662 2253 perit.
1674 2176 1851 2237 Peenitcntian
1859 2174 1937 2229 cuimrt
1983 2209 1984 2218 ι

333 2276 517 2351 superbissimi
539 2285 645 2335 montes
660 2276 730 2351 ignis
745 2276 907 2335 intrinsecus
920 2277 985 2335 loetu
998 2296 1007 2334 ε
1019 2284 1049 2336 et
1061 2277 1134 2350 quod
1187 2274 1366 2334 ministerium
1378 2272 1483 2348 ejusib)
1498 2271 1704 2345 exomologesin
1716 2260 1934 2339 abjeceratouidiil
1983 2327 1984 2332 ,

333 2369 512 2443 nobisjudieii
533 2371 738 2443 perpetuitatem
764 2372 874 2443 probat,
899 2386 960 2429 eum
982 2372 1133 2443 dissiliant,
1187 2383 1253 2443 ergo
1264 2367 1336 2425 ultra
1345 2365 1381 2424 dc
1394 2366 1454 2423 istis
1466 2364 1572 2423 duabus
1590 2365 1718 2421 bacuane
1740 2364 1827 2420 eduis
1842 2360 1937 2432 quasill)

333 2478 393 2520 cum
404 2464 576 2533 devorentur,
597 2480 732 2539 nunquam
745 2472 834 2523 tamen
849 2465 988 2523 liniuntur.
999 2465 1066 2535 Quis
1076 2464 1136 2523 baec
1188 2462 1291 2535 plaucis
1301 2460 1346 2535 (i),
1366 2460 1428 2533 styli
1442 2460 1531 2531 potius
1543 2459 1681 2531 negotium
1694 2471 1773 2530 guam
1786 2455 1936 2513 ollciumcoa·

333 2556 463 2628 supplicia
473 2556 581 2615 interim
591 2560 722 2615 muntium
736 2574 789 2615 non
800 2557 894 2629 iudicii
907 2558 1137 2628 minantisesem·
1188 2560 1309 2617 scientie
1320 2571 1499 2617 mensurans
1512 2555 1553 2629 (5)
1566 2556 1580 2611 l
1593 2564 1719 2627 peccator
1727 2554 1796 2611 eninr
1804 2551 1937 2608 unumne

335 2648 419 2719 pluria
432 2648 592 2721 deputabit?
607 2650 674 2717 eris
687 2650 817 2707 scintillas
831 2652 900 2708 tales
914 2666 967 2709 uon
982 2652 1072 2725 magni
1083 2652 1136 2708 ali·
1189 2662 1277 2710 tarum
1297 2666 1359 2709 cum
1373 2652 1443 2717 sim,
1459 2648 1565 2707 occulli
1578 2650 1618 2706 rei
1638 2647 1690 2704 nisi
1706 2644 1856 2719 penitentie
1872 2653 1936 2707 natts.

334 2742 412 2811 cuijus
427 2751 455 2798 et
467 2742 664 2800 inestimabilis
677 2742 729 2799 luci
743 2744 856 2799 missilia
871 2744 995 2817 quedam
1008 2755 1037 2803 et
1055 2761 1137 2805 exer·
1189 2759 1244 2802 noo
1257 2744 1335 2801 facile
1354 2756 1463 2815 possum
1478 2756 1560 2814 super
1574 2741 1620 2797 illa
1636 2750 1738 2806 tacere,
1752 2753 1826 2811 guen
1837 2737 1883 2809 ipse
1891 2748 1937 2804 tlt·

334 2834 428 2889 citoria
439 2833 528 2905 jaeda
545 2835 583 2905 (a)
598 2836 766 2894 carrseutieti
779 2836 861 2906 igitur
879 2852 940 2894 cum
954 2835 1025 2894 scias
1039 2837 1137 2896 adrer-
1188 2854 1242 2912 que
1253 2847 1283 2895 et
1298 2836 1392 2909 stirpis
1403 2836 1531 2893 bumanae
1540 2844 1568 2893 et
1580 2834 1694 2891 ouensae
1707 2835 1735 2890 in
1752 2830 1873 2889 cunam
1886 2825 1937 2898 pu't·

335 2940 382 2983 sus
396 2928 547 2998 gebennam
560 2936 621 2997 post
634 2926 720 2997 prima
739 2925 785 2982 illa
808 2926 976 2988 intinctionis
994 2928 1138 2989 dominice
1188 2948 1254 3007 ceps
1269 2932 1356 2991 Adam
1380 2928 1563 3002 exomologesi
1580 2928 1722 2987 restitutus
1739 2926 1772 3001 6)
1787 2924 1813 2983 iu
1827 2919 1937 2997 pandite

335 3018 511 3089 munimenta,
527 3034 589 3077 csse
601 3018 727 3078 adbuein
741 3022 925 3096 exomologesi
940 3025 1059 3082 munda
1071 3026 1138 3085 sub·
1188 3042 1280 3096 suum,
1296 3043 1351 3086 raon
1362 3035 1444 3084 meet.

952 3138 1145 3201 tedbertus
1163 3138 1369 3201 VlebNTFS.

383 3250 704 3317 idquiliaumlauaoretu
712 3248 930 3317 mddmnaddunt.
1150 3256 1175 3323 c
1221 3254 1440 3387 &mamam

324 3330 328 3345 ¹
381 3314 395 3363 Ξ
418 3312 527 3365 Discidlo
539 3312 593 3381 trip.

372 3376 399 3443 (b
422 3376 476 3443 ligo
484 3378 563 3431 Frate
579 3378 661 3431 t’ara's.
670 3376 767 3431 duobus
777 3380 856 3433 Fruar.

1274 3319 1381 3373 (iurem
1392 3320 1475 3371 batim

1014 3484 1296 3550 COMMENTARIUS.

374 3600 415 3678 (a)
430 3600 849 3672 Propteruniusanrn'oaiaticatr.
862 3606 1021 3679 enubilem
1036 3622 1138 3665 consu·
1227 3607 1267 3692 (g)
1281 3606 1335 3665 Pro
1354 3607 1430 3665 nmio
1444 3606 1613 3665 textationis.
1643 3607 1770 3680 Suspicor
1793 3599 1938 3680 Tertullianus

338 3678 420 3745 letus,
435 3675 630 3746 inquisition,
652 3685 711 3733 erat
733 3678 905 3749 magistratus
925 3693 1043 3736 annuus.
1071 3678 1138 3736 ltem
1191 3678 1336 3750 scripsisse
1359 3679 1585 3736 maletractatione
1606 3679 1728 3737 dictione
1738 3679 1809 3733 urtica
1822 3668 1939 3747 ,cerodae
1985 3741 1986 3754 χ

338 3750 400 3807 alie
411 3746 535 3819 quasdam
558 3746 710 3805 lunationes
720 3762 828 3805 annuae.
849 3749 882 3805 Et
891 3764 956 3807 uero
966 3752 1076 3823 antiqua
1087 3764 1142 3807 rox
1191 3750 1335 3807 l'rtrrrebus
1350 3751 1398 3807 lib.
1411 3750 1450 3816 ll,
1463 3766 1524 3823 cap.
1536 3750 1592 3818 20,
1618 3768 1682 3823 gare
1693 3740 1940 3821 malatmctmandtt

339 3820 476 3876 rotaticum
502 3834 554 3888 pro
582 3820 762 3886 inconstanti,
785 3821 865 3877 etiam
890 3820 1015 3879 Ciceroni
1044 3823 1141 3879 usitata
1193 3821 1301 3884 dicitur,
1315 3837 1376 3879 eam
1389 3821 1557 3881 abbrnobio
1571 3820 1879 3881 naabooetatiodicisoce
1887 3822 1940 3893 aaut
1985 3879 1986 3882 Ἴ

339 3890 388 3947 lib.
404 3890 425 3945 ll
438 3890 472 3945 ad
483 3888 541 3946 dtt.
555 3897 585 3948 et
597 3890 631 3947 de
642 3891 756 3961 llarusp.
768 3906 827 3962 cap.
839 3892 884 3949 lb.
897 3892 966 3949 Part.
1192 3895 1242 3951 lib.
1260 3892 1295 3950 li
1318 3894 1380 3949 adt.
1393 3902 1499 3965 gentes.
1521 3896 1642 3965 Apparet
1656 3904 1746 3950 autem
1768 3887 1890 3947 cambium
1899 3896 1940 3963 tatt-

377 3958 419 4037 (b)
437 3959 782 4034 tertiumdecimum,
796 3962 1143 4021 euottemoouoramsost
1195 3974 1280 4021 tatum
1301 3979 1362 4023 esse
1381 3967 1480 4035 scripta
1495 3965 1668 4022 Tertulliani.
1683 3963 1757 4038 Apud
1768 3963 1873 4019 rbetons
1886 3962 1941 4009 elttu

252 4066 256 4073 ·
339 4033 442 4099 locum,
455 4048 517 4088 enm
531 4034 555 4089 is
569 4034 604 4089 sit
615 4032 702 4099 isaim,
715 4032 738 4091 V
755 4038 837 4091 :obsi
861 4044 884 4091 ot
908 4042 1069 4107 intexam·
1097 4040 1142 4099 ebe
1194 4037 1381 4092 nsaktractatio
1392 4037 1492 4095 dieitur
1502 4038 1581 4093 unica
1593 4037 1722 4093 dictione.
1736 4035 1797 4092 Lac.

340 4108 612 4231 clairaprtaeaeqontp
625 4116 720 4176 μακρῷ.
733 4102 787 4188 Sed
803 4104 983 4192 Tertullianus
1005 4122 1142 4193 nutrqnaxn
1230 4107 1272 4190 (tr)
1284 4106 1464 4191 Paenitentiam
1475 4119 1498 4165 et
1510 4108 1678 4193 ndrtisteriarra
1697 4109 1752 4192 eiua
1760 4102 1856 4161 mmai.
1873 4099 1940 4154 loca
1985 4143 1986 4178 3

353 4176 448 4259 egebat
463 4176 574 4259 laturum
590 4184 691 4260 textum
705 4176 856 4259 qurbabet,
868 4194 906 4234 ate
917 4194 960 4249 pur
974 4180 1074 4263 traines
1092 4196 1144 4233 mr·
1194 4178 1289 4262 torr'ad
1308 4189 1492 4261 paenitentiam
1506 4178 1626 4263 admisso
1638 4176 1830 4265 nannetumbatur
1841 4166 1941 4274 exornate
1985 4211 1986 4270 }

377 4254 463 4303 atatem
477 4247 637 4373 ”¹.l¹f'¹²⁶⁸‘'.'⁸
657 4256 786 4331 oartttatm.
812 4247 879 4305 Cum
904 4260 1075 4323 septuaginta
1095 4250 1144 4305 lta·
1193 4264 1276 4335 gests,
1288 4266 1339 4321 etta
1354 4259 1407 4335 rtle
1420 4261 1548 4336 peracta,
1572 4267 1596 4308 st
1610 4262 1678 4337 satas
1692 4258 1847 4327 episcopati
1863 4237 1933 4313 plssbi

396 4326 435 4385 nl,
447 4332 485 4373 ne
501 4320 555 4373 rias
574 4334 618 4386 aar
640 4319 733 4402 delecta
746 4334 794 4374 sua
817 4322 886 4377 celat
907 4322 985 4395 lango
999 4328 1061 4393 taur
1085 4336 1144 4377 nec·
1195 4332 1260 4379 terre
1272 4332 1300 4378 et
1315 4321 1494 4392 plebtlactum
1504 4322 1588 4380 lutssc
1601 4308 1941 4387 rideretunlsoelencnllc

342 4398 408 4516 :alga
421 4389 1035 4549 get:2331minifflfoandwl'gdffitttsmfficfegf
1049 4392 1096 4449 nb·
1106 4392 1141 4449 Ν
1155 4392 1385 4539 Dbaffirlfficbas
1399 4466 1518 4522 bemanoe
1524 4466 1615 4523 raiatia
1625 4467 1699 4535 guasi
1729 4455 1940 4530 accentuandi

380 4530 908 4691 pristinis-tmen'titt
922 4534 1145 4693 irritatu,
1195 4534 1707 4693 illustttutctntttnt,
1721 4526 1941 4713 minutii

344 4675 637 4843 {tttlttttllttt
650 4677 1144 4823 tiitlltttttlttllitltt
1195 4680 1490 4835 iiiiiid‘fflm
1504 4678 1942 4862 '⁰¹¹⁸'¹⁸f⁰''l¹'''⁸'‘⁸¹¹⁸¹²',‡‚

345 4818 619 4963 ωέἓῗῐῖὶῗιιιῗιιιιιοέιῗιῒι
628 4820 772 4975 officientes
785 4891 912 4949 reddere.
939 4892 996 4977 liae
1008 4894 1068 4964 ipso
1079 4908 1144 4949 usus
1194 4821 1264 4951 unfit)
1273 4823 1542 4967 efflicessr'twcluffqu?
1550 4822 1767 4959 mubffireslisof
1779 4826 1941 4958 manum

346 4961 1142 5095 titt'ltltitltittltltttttit'lt'tt'l'·
1193 4976 1539 5097 liiidielbi‘lm‘
1552 4952 1941 5042 ¹¹‘'¹”‘⁶‘⁰‘¹¹⁰·“¹⁹'“'“'¹'''

954 5076 961 5091 Ι
1079 5075 1088 5093 0
1246 5057 1284 5093 Ι,
1352 5077 1359 5095 0
1411 5056 1461 5097 ΔΙ·

381 5098 415 5177 (Ι)
430 5102 594 5163 destituendo
615 5106 672 5163 sibi·
687 5106 940 5169 aestuationibus.
956 5107 1017 5167 lire.

1064 5382 1279 5496 W
