4084 6334
137 316 193 380 ooo
706 294 1220 370 nissnnrnrion.nauounnr.
1734 308 1796 371 sto

139 450 191 493 nus
211 432 408 501 recensuimus,
423 429 577 489 christianae
598 426 739 500 religionis
761 425 858 500 pticlta
878 423 935 496 ⁰1⁵¹·
949 424 976 487 A
988 422 1069 480 lulli
1081 422 1171 494 lulli
1185 420 1259 477 ffllffl
1273 418 1309 476 ιθ
1329 432 1359 475 ⁸⁰
1383 418 1442 491 illl⁰
1455 418 1569 494 ³¹⁵⁵⁸l¹l0
1582 420 1680 481 “limi
1693 437 1783 485 seetn·

140 528 267 586 inionibus
282 526 420 599 gentilium
444 522 665 596 philosophorum
678 522 787 576 omnino
797 515 937 575 dissimilia
989 516 1092 573 toiilrus
1102 516 1255 587 loquentem
1268 512 1362 569 andire
1376 530 1385 569 s
1399 513 1507 587 (lorpes,
1522 514 1608 587 inquit
1618 517 1785 593 (lsrtsllian.

142 619 407 685 eisarneinaim
423 610 692 673 iiitsiiniioiiinis
707 606 886 685 utilissimis,
901 610 939 665 sii
990 608 1137 681 emtores,
1155 604 1272 677 apae,
1287 602 1784 680 mantuanensium

142 714 335 781 Tertullianus,
346 710 512 777 uocabantur
524 723 630 764 sanusne
643 706 763 773 seientia,
777 712 806 761 et
828 701 940 775 insignio
990 710 1069 758 antea
1089 700 1235 771 scripserat
1251 698 1417 770 Apostolus:
1434 698 1513 755 liniti
1530 718 1609 759 unsar
1621 722 1713 778 eaiprss
1739 706 1786 765 sit·

140 805 244 880 iupriiia
258 798 694 877 (Tertullinudpolopet.capili,
709 800 736 870 p.
750 796 835 870 sest:
850 810 940 852 nonne
990 812 1047 853 nius
1065 796 1093 850 iu
1119 793 1221 853 duristo
1248 792 1346 865 (Epist.
1369 793 1403 850 aiii
1435 796 1514 852 lium.
1542 797 1602 867 llll,
1628 801 1666 871 li),
1693 799 1719 858 id
1744 812 1788 860 est

140 900 247 973 potius,
262 898 374 971 insignio
387 896 492 969 ingenii,
506 896 563 952 sive
582 896 726 965 conspicua
747 891 847 962 ingenii
865 892 939 963 signa
993 906 1044 945 nna
1069 891 1212 945 multorum
1239 888 1318 945 slmiil
1345 901 1567 963 congregatorum
1583 895 1709 965 soeietst,
1723 911 1790 955 aon·

148 1002 176 1049 et
190 991 304 1060 indicia,
319 988 366 1047 sed
390 988 461 1046 idem
481 988 561 1059 plane
581 1002 674 1044 eorum
689 986 741 1043 erit
755 996 861 1041 sensns.
875 982 941 1053 Quis
991 984 1122 1055 gregario,
1136 992 1163 1039 ar
1176 982 1364 1039 eoinmuntiis.
1377 982 1436 1053 Quo
1446 993 1535 1041 autam
1549 986 1629 1043 modo
1646 999 1731 1059 qnare
1744 1000 1788 1047 ra-

147 1102 212 1159 ergu
225 1101 279 1142 nou
293 1084 434 1141 miraliitur
446 1082 504 1139 hiae
517 1082 655 1139 srdssimo
666 1078 776 1137 aluistis
787 1094 882 1135 nurum
894 1078 942 1135 do-
993 1077 1066 1132 tiono
1092 1076 1244 1147 asingregnti
1262 1072 1371 1143 lnerltit,
1387 1076 1409 1131 si
1423 1091 1511 1148 rugas,
1526 1077 1573 1135 tint
1588 1077 1762 1151 respondebit
1778 1100 1786 1139 a

134 1170 278 1247 'eumenia
293 1178 327 1235 oli
337 1176 464 1245 ethnicis,
478 1180 528 1233 n‘ee
538 1176 654 1241 ratione,
669 1188 719 1231 nec
729 1172 837 1245 ingenio
850 1183 942 1227 aaron·
992 1168 1032 1224 lle
1046 1168 1199 1224 eriiirisiuio
1211 1168 1341 1240 religiosus
1357 1166 1521 1240 (uiuorum.
1546 1171 1596 1228 los.
1610 1168 1680 1245 rit),
1695 1174 1720 1229 lii
1737 1186 1789 1243 est,

144 1274 226 1342 iilius,
244 1272 310 1330 laisa
325 1272 389 1339 dici,
409 1280 436 1330 et
450 1271 564 1343 ineptis,
580 1268 618 1325 nti
641 1266 728 1324 odlim
748 1273 942 1322 siietoriioster
993 1262 1087 1319 intima
1099 1261 1302 1334 mitissimaque
1320 1260 1404 1317 siiiuii
1423 1262 1600 1333 pensitatione
1613 1266 1727 1322 eoiiriotl
1742 1282 1790 1323 re·

146 1368 274 1438 loquitur.
294 1364 502 1436 praesumptiones
514 1360 570 1432 (lii.
586 1358 729 1416 delestlnr.
742 1359 823 1414 onim.
834 1374 892 1428 cop.
901 1354 941 1429 ι),
992 1370 1050 1411 ram
1062 1370 1122 1412 ease
1136 1356 1305 1425 religionem,
1321 1367 1401 1426 qiism
1415 1367 1511 1411 ornnes
1526 1355 1730 1428 psallebantur.
1750 1362 1790 1419 Ad

146 1459 198 1515 lioe
211 1468 249 1515 est
262 1500 269 1527 ,
284 1471 368 1513 uanas
390 1469 518 1528 prorsus,
545 1463 573 1511 et
595 1452 727 1509 absurdas
752 1452 780 1507 in
806 1466 837 1507 re
861 1449 941 1507 dubis
993 1450 1052 1505 liae
1066 1448 1275 1520 semeoninnetl
1293 1448 1543 1520 disciplinmsrn'tste
1556 1448 1660 1523 (liudp.
1677 1463 1723 1509 seii
1738 1462 1792 1509 tra·

147 1550 344 1618 diuinationes,
364 1559 446 1621 utque
466 1546 660 1619 eoujaeturssi

172 1644 231 1701 Tae
244 1653 345 1708 tamen,
359 1640 430 1714 quod
445 1640 617 1697 falsissimum
629 1647 682 1704 esi,
696 1652 743 1694 eas
756 1636 866 1710 penitus
888 1634 942 1691 lal-

140 1750 186 1793 sos
199 1734 303 1792 luisse:
319 1734 367 1791 sed
381 1734 447 1790 nulli
469 1731 590 1805 prolecto
602 1732 691 1787 nuxiae
705 1740 792 1795 oratu,
808 1729 864 1783 imo
876 1742 942 1783 uero

993 1542 1048 1598 dita
1064 1558 1078 1596 ii
1093 1540 1259 1597 tiliiiitouna
1274 1540 1431 1611 eademqne.
1455 1540 1503 1596 sel
1524 1543 1691 1598 sitiatisslmn
1710 1544 1793 1600 dosii-

994 1644 1147 1693 ineiitoinm
1161 1633 1338 1699 institutione,
1354 1648 1386 1688 ae
1410 1648 1514 1689 inunum
1532 1632 1684 1704 disciplina.
1712 1636 1793 1691 uent-

994 1745 1046 1800 que
1057 1728 1172 1797 copulati
1188 1728 1242 1797 spei
1262 1724 1355 1797 [edua
1376 1724 1483 1797 (itta),
1498 1727 1555 1783 site
1568 1726 1690 1783 loedamti
1705 1742 1736 1785 se
1749 1744 1793 1785 so·

142 1830 268 1886 oiiinilrus
287 1828 367 1885 utiles
381 1825 587 1884 etneeessarias.
601 1824 696 1881 Consti
706 1824 860 1889 enimuero,
876 1831 942 1877 riretu
955 1827 980 1887 Β
993 1823 1055 1877 eiati
1069 1836 1117 1892 spe
1130 1818 1281 1875 eeitissinia
1292 1821 1354 1874 titos
1369 1829 1489 1885 areanae,
1499 1835 1578 1892 quain
1590 1821 1645 1879 illis
1656 1836 1737 1877 veios
1749 1838 1794 1878 su·

144 1924 232 1979 eterni
245 1921 376 1994 supplicii,
387 1930 411 1976 et
420 1935 466 1993 sps
475 1917 533 1974 silus
541 1928 643 1975 eume
652 1918 708 1987 pieri
720 1917 836 1972 meliores
844 1931 943 1988 eogun-

141 2014 285 2086 tur(laiem,
297 2013 429 2085 ilpologet.
446 2030 470 2068 e.
485 2012 531 2088 dil,
545 2031 570 2082 p.
583 2008 657 2085 ιιι).
672 2009 799 2082 Quisquis
818 2022 941 2079 nonique,

140 2106 211 2163 sieut
223 2113 297 2163 recte
310 2104 389 2162 docet
402 2104 598 2175 Atlienagoios,
615 2112 770 2173 persuasum
784 2100 865 2157 itabat
885 2101 943 2153 ani-

140 2213 210 2253 utoni
227 2213 284 2252 euris
304 2207 427 2269 sarpere,
453 2195 530 2251 sirnul
549 2194 730 2260 interituram,
757 2197 944 2249 soisiltlwuei

139 2302 176 2362 erp
193 2298 289 2360 superi
301 2292 343 2343 isi
357 2298 402 2344 eir
418 2296 507 2358 papus,
525 2287 549 2341 is
572 2286 671 2341 nullum
684 2300 734 2339 uon
745 2282 845 2356 [omnus
856 2284 943 2347 audet,

140 2388 240 2453 μηδενὸς
259 2384 288 2436 ἂν
300 2382 433 2451 &spartei
444 2389 599 2450 vulpinam
617 2377 784 2450 (Allienuqut'.
795 2372 884 2446 Leyui.
898 2388 945 2445 pru

140 2477 274 2533 elisistiau.
289 2492 348 2548 pap.
365 2474 430 2546 59).
452 2474 503 2543 Qui
527 2486 592 2531 tero
623 2470 710 2529 eredit
730 2469 799 2536 lore,
818 2478 847 2525 ut
861 2466 945 2524 odui-

142 2568 346 2635 tomeieitotns,
356 2569 477 2625 omnium
488 2576 658 2640 peecatorum
670 2565 695 2621 iii
706 2575 829 2622 extremo
844 2562 889 2618 liei
903 2562 946 2633 ju·

141 2660 213 2720 dieio
228 2661 323 2720 reddat
337 2662 480 2728 rationem,
491 2660 540 2717 ille
552 2658 596 2716 iel
608 2660 635 2715 in
650 2656 769 2715 minimis
782 2654 941 2727 delinquere

997 1915 1091 1985 liisque
1112 1916 1281 1983 omnipotens
1302 1912 1373 1969 lleus
1388 1923 1448 1983 pust
1463 1912 1532 1970 liano
1552 1914 1691 1973 mortalem
1714 1915 1793 1973 vitain

996 2008 1129 2079 promisit.

1032 2100 1118 2169 Qnani
1135 2098 1339 2170 ninltiplicatum
1354 2107 1442 2154 autern
1459 2098 1550 2167 luerit,
1566 2099 1621 2170 ipsa
1638 2100 1794 2158 Tertulliani

997 2195 1083 2250 riustri
1106 2202 1195 2257 aetate.
1222 2194 1284 2249 illud
1309 2192 1517 2251 coiisttunmoin
1542 2210 1650 2266 euripus.
1666 2198 1795 2254 certiores
1858 2192 1861 2199 '

997 2304 1047 2346 nos
1061 2287 1181 2361 girtileuto
1199 2290 1256 2360 ipse
1269 2287 1332 2345 lecit
1354 2287 1448 2361 (itia,
1464 2306 1488 2345 e.
1510 2290 1536 2355 l,
1550 2308 1610 2363 pag.
1625 2290 1701 2363 sust.
1718 2291 1794 2349 Tune

998 2384 1071 2439 enlin
1087 2382 1186 2450 omnia,
1202 2393 1231 2439 ut
1245 2392 1336 2439 nerrat
1346 2382 1439 2455 (litu,
1449 2400 1509 2455 rupi
1524 2384 1568 2451 st,
1577 2402 1603 2455 p.
1616 2382 1692 2453 suit.
1708 2386 1795 2455 regue-

998 2486 1092 2531 teiant
1108 2472 1200 2531 mnndi
1215 2476 1272 2531 loos
1286 2493 1293 2529 ι
1308 2474 1399 2544 urbes,
1418 2474 1530 2541 insulas,
1546 2476 1667 2545 castella,
1681 2464 1796 2533 inuniri·
1821 2480 1824 2487 ⁴

997 2569 1041 2639 pia
1052 2610 1057 2631 ,
1070 2565 1257 2635 eoiieilialiuia,
1269 2574 1369 2635 eastra,
1382 2566 1477 2634 tribus,
1489 2565 1625 2637 decurias,
1639 2570 1734 2633 lorinn,
1750 2582 1795 2623 se·

998 2673 1102 2729 natuiii,
1115 2660 1252 2733 pritanum,
1267 2657 1387 2731 nihilque
1400 2659 1523 2731 privatim
1537 2648 1664 2725 ethnicis,
1680 2660 1730 2717 nisi
1740 2661 1797 2717 sula

143 2765 260 2811 seretur.
998 2769 1091 2809 eoruin
1112 2755 1210 2823 templo
1224 2754 1386 2826 reliquerant
1402 2752 1495 2823 (litu,
1509 2772 1569 2827 sup.
1583 2754 1629 2822 li,
1643 2772 1705 2829 pag.
1718 2754 1795 2827 sur).

178 2846 344 2920 iniquissimi
371 2846 452 2919 igitur
471 2842 688 2917 emergentium,
707 2842 753 2915 qul
771 2840 945 2911 chtisliauos,
997 2848 1065 2904 Cium
1082 2848 1116 2903 iis
1129 2848 1208 2921 igitur
1222 2848 1319 2927 aliique
1339 2848 1525 2917 tursaiiantnr,
1543 2852 1569 2905 in
1587 2848 1656 2917 lui-u,
1673 2852 1797 2921 iiioeellu,

149 2939 280 2997 liornmce
300 2939 456 3011 dogmatum
472 2937 640 3005 defensores,
654 2950 708 2992 non
723 2948 801 2993 seriis
816 2949 847 2992 aa
861 2933 947 2991 seele-
998 2940 1119 3008 baliiais,
1151 2940 1282 3007 tabernis,
1310 2940 1435 3007 ollie‘inis,
1461 2941 1584 3005 stabulis,
1608 2943 1743 3009 nundinis,
1772 2953 1801 3000 et

152 3030 314 3100 rarissimos,
327 3038 355 3087 et
367 3029 585 3103 gravissimorum
600 3028 813 3086 ariminumreos
823 3027 948 3085 eandem·
997 3032 1181 3101 eonnneioiis,
1198 3032 1337 3104 dequibus
1353 3032 1421 3090 iiiii-a
1436 3034 1590 3110 dicendum.
1607 3034 1692 3092 Simul
1708 3038 1799 3109 itaque

145 3124 256 3181 nabunt.
271 3125 451 3194 Quainolirem
466 3134 560 3180 auctor
582 3133 676 3179 noster
694 3122 734 3178 sic
748 3137 796 3178 eus
816 3130 896 3194 urget
920 3130 947 3178 et
997 3127 1127 3200 permisti
1154 3125 1355 3193 eiilialiitalinnt,
1389 3126 1559 3197 niilitnliant,
1581 3131 1795 3195 rustiealiontui,

146 3217 296 3273 insectatur
308 3234 315 3271 :
329 3216 384 3273 Sed
393 3212 420 3271 ir'i
430 3215 556 3288 ejusuiodi
567 3217 634 3271 sirim
650 3216 688 3287 (in
704 3214 863 3287 quiliuidiini
887 3212 980 3309 edi-C
999 3220 1204 3287 mercabantur,
1239 3230 1385 3287 iniituoiue
1408 3234 1455 3277 usu
1477 3230 1549 3277 artes
1582 3222 1750 3287 uiiueeliaut,
1771 3233 1800 3279 et

147 3308 264 3365 tlonilius
278 3306 385 3364 additur
397 3324 469 3362 error
483 3308 580 3363 melius
602 3308 716 3363 suisium
740 3308 836 3376 errore)
855 3308 878 3361 si
892 3308 946 3361 uti·
997 3298 1104 3383 opei'ai,

146 3418 195 3473 que
206 3401 301 3469 irrisit,
317 3414 367 3456 sen
389 3400 514 3456 irrisione
525 3398 636 3471 dignum
657 3398 757 3470 aliquid
774 3396 947 3471 judicandum
1034 3402 1216 3471 Qiiiiiiiolirem
1227 3404 1279 3459 alio
1294 3403 1337 3459 ille
1348 3403 1374 3459 in
1387 3400 1455 3459 lilino
1469 3404 1610 3473 Soipnlani
1624 3405 1663 3461 sie
1676 3404 1773 3461 ellatur
1790 3424 1797 3461 :

146 3503 194 3560 est,
206 3508 257 3547 uon
270 3491 373 3563 gladiis,
393 3501 417 3547 st
429 3491 574 3563 ignliumt
592 3490 719 3559 erasinus,
737 3488 946 3561 etlestiisffer·
1001 3495 1071 3562 Quid
1086 3494 1164 3567 [acies
1183 3494 1214 3548 de
1233 3504 1268 3549 tot
1288 3493 1399 3551 millibus
1421 3494 1546 3567 (saletas
1565 3496 1697 3553 editiones
1714 3496 1800 3552 deceni
1856 3504 1859 3513 “

152 3586 256 3643 tullian⁴
271 3587 321 3641 iae.
332 3584 376 3642 eit.
385 3586 406 3659 ),
427 3586 528 3641 idcireo
537 3583 677 3641 elisistlnnl
688 3584 874 3641 crudelissime
892 3593 948 3641 tru-
1001 3587 1128 3660 inutilius)
1139 3588 1279 3655 isaiuiiium,
1293 3597 1329 3644 tot
1339 3588 1400 3643 uiris
1416 3604 1446 3643 aa
1457 3588 1586 3662 (minuitis,
1602 3591 1683 3645 oiiiiiis
1703 3606 1800 3657 aeuus,

148 3680 256 3737 uidendi
268 3688 355 3737 arnul.
380 3680 414 3737 lt
429 3689 502 3736 certe
516 3688 622 3736 laniunt
637 3678 714 3735 abesl
736 3687 767 3735 ul
788 3680 814 3734 in
842 3678 947 3735 illorum
1000 3680 1083 3737 oannis
1094 3680 1186 3747 oelatt's,
1199 3678 1280 3734 antiit's
1291 3680 1420 3752 dt'an'lutis
1434 3678 1597 3748 offeiaiut'lius
1607 3697 1633 3735 se
1643 3680 1700 3737 iiiii?
1712 3680 1800 3749 Quart·

149 3774 271 3831 doctrino
300 3772 385 3830 subsit
412 3772 472 3829 lalsl
486 3771 606 3845 aliquid3
622 3770 687 3845 quin
702 3770 821 3828 miranda
838 3780 949 3842 prorsus
1002 3774 1034 3829 tis
1053 3772 1172 3845 ignibus,
1194 3774 1295 3845 quantis
1309 3772 1402 3844 pisidiis
1417 3789 1481 3845 opus
1496 3774 1565 3827 erit?
1581 3774 1650 3841 Qii'u
1663 3774 1719 3845 ipso
1737 3773 1801 3831 Gai·-

149 3870 257 3926 luorum
272 3869 298 3925 in
313 3879 353 3925 tot
367 3868 502 3940 tantisque
515 3869 656 3924 tormentis
668 3856 794 3939 patientis
808 3866 948 3923 rerilateui
1003 3870 1081 3943 tisapo
1094 3886 1204 3943 passura
1216 3880 1271 3936 est,
1287 3869 1438 3925 deeiinouda
1450 3888 1466 3925 u
1480 3880 1519 3937 te,
1533 3888 1590 3926 rum
1609 3872 1801 3929 routuieruuies

150 3962 270 4034 eiusdem
285 3962 428 4031 doetrinae,
443 3971 470 4018 ιι
481 3962 567 4018 totius
581 3960 737 4019 eluistisnse
748 3960 898 4032 religionis,
911 3960 950 4015 utl
1002 3977 1062 4017 suos
1074 3962 1128 4017 iltis
1142 3961 1314 4032 uniusquisque
1325 3964 1486 4034 cognouerit,
1503 3978 1561 4017 enni
1574 3964 1663 4019 uiderit
1678 3964 1731 4019 iilia
1744 3964 1801 4032 sor·

150 4054 223 4112 lioud
237 4056 322 4113 semel
343 4055 514 4112 observatum
528 4064 580 4124 est,
596 4054 771 4111 invictissime
784 4054 962 4112 demonstro·
1002 4062 1068 4111 tasse
1084 4064 1108 4129 et
1123 4055 1159 4109 tui
1174 4054 1271 4110 ordinis
1290 4055 1375 4121 airas,
1396 4065 1419 4109 et
1439 4064 1585 4123 iriatiaiias,
1606 4067 1629 4111 et
1646 4056 1801 4127 principales
1854 4082 1856 4087 ·

153 4154 206 4203 ret.
230 4144 285 4203 Sed
309 4144 373 4202 illud
388 4147 468 4219 plane
491 4146 668 4203 conlimatur
680 4162 713 4203 ex
729 4147 830 4202 sanetis
843 4158 951 4201 eornm·
1002 4164 1114 4219 quasque
1127 4162 1266 4219 personas,
1279 4158 1302 4202 et
1317 4148 1456 4203 oiuicoiuni
1469 4156 1569 4203 tuor-urii
1582 4149 1620 4203 uel
1632 4148 1801 4221 propinquos,

152 4239 214 4296 deul
229 4240 439 4297 christianorum
453 4238 584 4309 muribus,
594 4236 708 4312 legibus,
723 4245 751 4295 ei
762 4236 902 4306 institutis,
917 4236 952 4295 de
1002 4241 1042 4295 rel
1073 4240 1167 4296 initias
1189 4238 1293 4311 (luein,
1314 4240 1358 4295 tu.
1383 4240 1417 4293 aii
1442 4240 1522 4313 Scap.
1548 4258 1607 4313 sap.
1635 4241 1713 4314 tvi?
1732 4240 1802 4311 Quid

152 4332 249 4406 quibus
262 4346 335 4388 nono
348 4331 482 4403 agendum
492 4342 544 4389 est.
1004 4332 1104 4405 plural
1119 4332 1221 4389 Tantus
1236 4342 1299 4389 tune
1313 4331 1432 4403 prolecto
1445 4343 1504 4388 erat
1515 4348 1569 4389 nnn
1584 4334 1671 4388 soloin
1687 4332 1801 4388 Catulu-

1004 4423 1067 4496 giue
1079 4464 1087 4489 ,
1101 4423 1148 4479 sed
1169 4423 1267 4494 aliique
1285 4432 1416 4479 ursarum
1431 4422 1637 4480 oliiistiaiioruiii
1653 4439 1800 4491 numerus;

1005 4527 1033 4572 ut
1045 4518 1068 4573 si
1082 4525 1154 4572 tanto
1168 4517 1204 4571 uis
1218 4517 1366 4586 lionii‘iiuni,
1383 4518 1439 4588 ipsa
1454 4517 1574 4589 ejusdem
1585 4516 1742 4575 Tertulliani
1755 4518 1803 4574 ad-

156 4647 316 4717 omnduur’
327 4649 371 4721 qui
392 4648 509 4720 quamve
521 4646 613 4721 summ
624 4645 772 4713 emani,
786 4644 913 4717 quomodo
922 4644 954 4701 ab
965 4648 994 4709 D
1007 4611 1058 4715 linc
1071 4617 1134 4665 sutit
1145 4609 1226 4665 uerlia
1239 4650 1246 4671 ,
1266 4609 1293 4663 iis
1310 4609 1419 4679 aliquem
1439 4608 1506 4665 ordis
1525 4610 1614 4665 remoti
1629 4612 1715 4665 sinunt
1727 4608 1804 4665 oltru-

193 4741 300 4798 emnim
311 4742 442 4809 mmm
454 4756 484 4796 ac
494 4756 570 4813 mm
579 4741 654 4812 lom
666 4740 781 4812 ma
791 4739 886 4813 [mim
896 4739 955 4796 ‘uo‘
1006 4717 1130 4774 ptssenius
1142 4718 1158 4755 a
1172 4701 1257 4769 uobis,
1271 4700 1416 4769 indidisset
1435 4704 1520 4773 utique
1536 4704 1733 4759 doiiu'nationeui
1748 4718 1804 4759 oes-

434 4488 547 4546 CAPUT
574 4488 633 4544 Xll.

196 4853 253 4893 mm
296 4852 355 4891 uam
375 4834 532 4892 mmm
555 4851 637 4892 mom
663 4834 687 4890 k
747 4851 779 4891 ue
800 4834 880 4891 mm
903 4849 954 4889 me·
1007 4802 1074 4848 tram
1090 4800 1126 4846 lot
1138 4792 1350 4865 qualiumcunque
1373 4794 1475 4849 antissio
1495 4793 1607 4861 oinium,
1625 4794 1675 4848 into
1691 4794 1765 4849 etiam
1780 4804 1805 4849 et

257 4852 295 4908 'q
641 4876 659 4942 ⁹.
686 4850 746 4908 Μ
1006 4886 1064 4959 ipsa
1076 4885 1237 4942 destitutione
1246 4886 1376 4958 puniisset,
1392 4886 1482 4958 procul
1500 4887 1575 4942 dulia
1592 4886 1755 4958 expauissetr's
1770 4887 1804 4943 ad

1007 4980 1168 5037 solitudinem
1183 4990 1306 5048 natrano,
1322 4980 1356 5035 ud
1378 4980 1506 5037 silentium
1530 4998 1614 5037 ruunt
1634 4992 1657 5037 et
1675 4995 1805 5055 stuporem

1007 5073 1141 5146 queitidam
1154 5074 1229 5145 quasi
1247 5074 1340 5130 niartui
1355 5076 1421 5131 otiis
1436 5076 1609 5149 :quaesissetis
1622 5074 1711 5147 qiiiius
1723 5078 1805 5150 inipe-

1007 5167 1108 5221 raretis.
1130 5164 1223 5222 Plisres
1245 5168 1327 5223 liurtrs
1349 5166 1432 5236 eolis,
1452 5184 1529 5240 quani
1549 5170 1615 5224 ciues
1628 5170 1806 5226 reirmnsissent

1008 5256 1105 5331 (idetis,
1120 5257 1265 5332 Apolopet.‚
1280 5276 1338 5331 cap.
1355 5258 1399 5327 st,
1415 5276 1476 5331 pop.
1490 5252 1566 5335 lusi.

1046 5348 1099 5407 Sed
1111 5354 1262 5422 quampiam
1278 5348 1369 5406 andire
1382 5352 1459 5407 nuliis
1475 5350 1610 5421 uidemur,
1625 5351 1668 5425 qui
1685 5352 1710 5409 in
1726 5354 1805 5409 aines

1010 5444 1161 5501 liisusuriet
1181 5444 1215 5500 itii
1236 5445 1351 5517 siliquam
1369 5462 1429 5501 usse
1444 5442 1602 5502 Tertulliani
1623 5448 1809 5521 exaggeratio·

1012 5552 1084 5595 tiam.
1108 5538 1155 5595 Cul
1176 5536 1266 5608 enim,
1290 5536 1413 5610 inquiet,
1437 5540 1543 5611 pionii-i
1565 5557 1681 5613 unquam
1714 5542 1812 5614 pistorii

1014 5642 1114 5688 tantuin
1131 5642 1193 5689 tunc
1206 5632 1288 5690 luisse
1301 5631 1507 5691 christianorum
1523 5636 1738 5693 similitudinem?
1754 5632 1809 5695 lle-

1014 5748 1073 5787 runi
1089 5744 1150 5801 tgna,
1162 5744 1263 5800 quiusa,
1276 5730 1362 5785 iroiite
1375 5727 1419 5787 liic
1430 5730 1487 5802 ipse
1500 5730 1680 5788 Tertullianus
1693 5732 1806 5805 publicis

1015 5822 1149 5893 inlibris,
1162 5836 1294 5895 question
1309 5824 1354 5880 oiil
1367 5830 1468 5881 linitum
1483 5822 1623 5895 Scapulis,
1640 5820 1809 5897 Ciirtlinginis

192 4931 268 4987 liores
277 4947 307 4986 ae
321 4930 469 4987 sanctiores.

423 5075 572 5122 anniculus
585 5076 691 5120 rursus.

160 5224 220 5297 Qui,
238 5224 335 5299 quales,
352 5233 377 5280 et
399 5238 476 5295 quani
502 5221 665 5294 ratuitiplisoti
688 5220 784 5295 sarmul
802 5218 958 5276 Tertulliani

194 5330 306 5391 ternpore
325 5316 470 5383 elisistiaui,
481 5322 520 5370 'oe
537 5314 665 5386 quomoda
675 5312 708 5369 al·
722 5314 840 5381 stinuis,
854 5310 958 5384 quidus·

195 5429 255 5468 auin
269 5410 393 5479 sioeiast,
407 5420 468 5465 tune
479 5408 694 5465 dissiparentur.

197 5547 399 5619 Posterplieata
413 5560 428 5601 a
442 5542 520 5600 nobis
535 5553 638 5600 asserta
657 5558 673 5599 a
692 5541 858 5601 Tertulliano
870 5542 958 5601 elii-is·

163 5642 241 5699 tianae
262 5636 398 5712 religionis
422 5636 592 5704 documenta,
604 5635 659 5707 jaim
675 5651 736 5693 euni
751 5636 798 5717 illo
812 5636 959 5708 explorati·

162 5737 226 5793 dnm
240 5739 400 5811 sanquinem
415 5742 444 5793 et
462 5732 557 5807 quales
581 5731 682 5790 luerint
704 5732 811 5790 illerum
836 5732 963 5790 defenso·

162 5841 209 5887 res
232 5824 382 5898 abundini,
400 5838 439 5901 aa,
454 5822 589 5899 quomodo
609 5840 671 5885 euin
698 5824 813 5885 ethnicis
836 5826 962 5887 sinerint,
