4084 6334
187 224 241 286 ise

459 348 574 409 cletta
595 354 713 415 xxiiii.

187 488 989 589 incensurum-llius,postquampaiuieeateaditiniquitu-

224 597 522 669 teiutourtiereliqiuuis,
536 602 620 671 qualis
642 604 679 661 uie
698 603 808 663 Nuntiui
825 610 989 679 probarinou

223 688 987 771 pateat,cai(ueleuilloruuteeriteutiuilibeueanimuradditi

221 778 303 849 debet,
318 782 399 853 perqit
411 784 446 837 tui
467 787 606 845 eaeuiidiuu
630 792 732 849 titulum
745 794 821 863 ltere,
843 808 866 852 et
884 802 987 870 quideut

221 875 337 945 irtap'oris,
357 876 504 937 Diuiuituti'e
520 898 529 937 :
548 884 671 955 siquidum
682 889 721 944 itti·
737 890 763 945 N
767 909 840 948 uiuere
854 896 987 952 uirtutium

221 966 411 1040 imperatorum
424 992 478 1047 pite
491 978 606 1035 omuibus
621 979 677 1038 biii
689 984 752 1053 aule,
767 988 872 1045 mortuis
891 990 987 1047 scilieet

220 1064 334 1119 uenerari
347 1068 397 1121 siut
409 1068 492 1137 soliti;
514 1072 789 1149 deprehundunturque
801 1080 838 1134 ito
850 1082 987 1155 irreligiosi

220 1155 355 1229 erpellere
366 1177 435 1227 iiius,
447 1178 510 1231 quos
519 1182 573 1236 pree
579 1165 720 1233 Curarilieu
729 1172 782 1228 suis
791 1184 950 1233 coartemnere
961 1188 986 1235 et

220 1246 341 1319 per'juriis
349 1253 465 1323 palluere
478 1272 529 1313 uon
543 1258 677 1317 desisterit.

218 1361 351 1431 Quieniaiu
383 1376 472 1424 autem
501 1370 578 1442 laeile
607 1374 726 1447 iniquum
758 1379 895 1439 rideretur
921 1386 982 1457 (l),

183 1452 284 1511 liberes
296 1456 421 1513 tinmiues
434 1461 532 1519 invitus
546 1468 635 1536 urgeri
650 1468 684 1525 ad
695 1472 899 1531 sacrificandum
910 1476 984 1551 (nam

182 1553 210 1601 et
221 1547 288 1603 alias
300 1548 398 1606 diuinus
411 1552 450 1609 rei
462 1552 590 1613 tieienuie
606 1557 693 1617 libens
707 1562 813 1621 animus
825 1566 980 1641 indlelluria

906 240 1138 311 sensualium

1002 382 1030 441 Α
1043 368 1084 444 tt)
1098 378 1172 430 certe
1184 372 1304 449 ineptum
1317 379 1532 455 existimaretur,
1545 386 1567 445 si
1581 388 1641 463 quis
1652 388 1686 448 ali
1698 390 1751 450 alio
1764 406 1845 469 roge-

1789 274 1848 343 abb

1041 470 1117 518 retur
1125 464 1159 520 aul
1172 467 1302 527 lionotem
1315 472 1426 531 deorum
1438 521 1445 545 ,
1458 493 1525 559 qpos
1538 482 1609 537 ultro
1624 484 1665 540 sui
1677 497 1772 542 caussa
1786 486 1846 558 pla·

1041 565 1103 609 aare
1114 554 1240 626 deberet,
1253 578 1288 620 ire
1296 580 1438 636 prumano
1448 574 1585 645 essetjure
1593 574 1724 633 libertatis
1735 578 1844 640 dicere:

1039 645 1109 703 Nolo
1120 650 1186 707 milti
1202 654 1295 713 torem
1317 663 1478 733 propitium;
1491 674 1533 734 tu,
1544 669 1604 740 quis
1615 670 1656 744 (5)
1668 681 1710 729 est
1726 687 1770 730 me
1781 688 1849 732 eou-

1040 743 1130 797 ieulat
1138 742 1221 801 laniis
1232 747 1271 818 (a)
1281 750 1364 809 iratus
1372 770 1405 811 er
1414 772 1466 829 qua
1474 759 1537 815 uelit
1548 762 1645 830 ironte;
1657 764 1721 837 qnid
1732 767 1779 822 tibi
1788 782 1846 825 me·

1038 838 1295 899 eiimesttbormaii
1304 846 1416 921 estistl)
1425 850 1459 907 ab
1473 850 1569 909 iisdem
1583 854 1674 928 utique
1689 858 1843 932 spiritibus,

1039 936 1181 1003 utnoipro
1191 936 1278 993 salute
1288 938 1458 1011 imperatoris
1474 946 1782 1023 saerilleareoogatis,et
1793 955 1844 1010 im·

1039 1021 1126 1091 posita
1134 1032 1175 1079 est
1183 1031 1238 1083 tani
1245 1030 1320 1087 robis
1328 1036 1474 1094 necessitas
1483 1042 1605 1112 eogendi,
1615 1058 1696 1115 quarn
1710 1046 1788 1103 nobis
1799 1046 1845 1104 ob·

1036 1114 1128 1187 ligatio
1141 1120 1318 1190 periclitandi.
1331 1127 1445 1187 Ventum
1457 1144 1500 1189 est
1510 1135 1592 1207 igitur
1605 1138 1638 1192 ail
1648 1144 1795 1196 seeundum
1810 1142 1845 1197 ti-

1036 1210 1121 1266 tulum
1140 1210 1213 1269 laesae
1230 1220 1391 1287 augustioris
1404 1224 1573 1297 maiestatis,
1586 1230 1720 1301 siquidem
1737 1234 1841 1306 majore

1037 1300 1179 1361 tormidine
1191 1314 1220 1363 et
1231 1308 1370 1370 ealliiliore
1383 1314 1422 1387 (5)
1437 1316 1579 1377 timiditate
1592 1320 1630 1395 (b)
1647 1323 1781 1382 cesarem
1795 1326 1841 1384 ob

1037 1399 1169 1467 seriatis,
1185 1407 1265 1473 quam
1281 1406 1367 1477 ipsum
1381 1409 1415 1466 de
1431 1410 1546 1486 Olympo
1559 1415 1672 1487 lovem,
1690 1417 1726 1495 (ε)
1741 1428 1768 1476 et
1781 1436 1841 1479 me·

1036 1488 1091 1545 rito
1104 1489 1145 1566 (a)
1157 1494 1180 1549 si
1194 1496 1294 1555 selati's.
1310 1500 1376 1570 Quis
1389 1506 1461 1560 enini
1475 1515 1509 1563 ex
1522 1510 1673 1568 niventibus
1685 1528 1741 1570 non
1754 1517 1841 1588 quoli-

1035 1578 1082 1637 bet
1095 1594 1202 1642 mortuo
1211 1596 1258 1646 tuo
1268 1593 1356 1663 potior
1368 1594 1403 1668 (e)
1415 1596 1455 1671 (o)
1466 1600 1540 1657 tseu
1551 1617 1601 1659 nee
1615 1604 1665 1663 lioe
1675 1622 1724 1664 vos
1734 1608 1841 1668 ratione

790 1676 981 1748 usuumuss
1000 1663 1207 1762 taurianas.

210 1797 248 1923 Ji)
265 1800 386 1879 Videtur,
401 1806 477 1858 Fruu.
564 1869 571 1881 .

210 1862 237 2047 ᾖ
264 1862 407 1986 gigpgteunrd.
420 1868 495 2003 littere.
509 1873 592 1924 Parta.

211 1988 248 2111 (ἑ)
264 1986 507 2108 giiiirlffitel'liii‘itrezie.
521 2072 534 2109 e
546 2060 600 2110 coti.
622 2060 695 2113 b'ttld.

995 1808 1019 1870 Β
1064 1837 1102 1909 (b)
1122 1841 1242 1915 iim.
1255 1858 1325 1921 eins.
1342 1856 1365 1901 et
1383 1850 1476 1923 bculiq.
1489 1860 1586 1907 montio
1603 1861 1838 1936 potiortqaeerex

1030 1898 1094 1959 Quid
1107 1907 1192 1955 enim?
1203 1916 1245 1969 (eu
1255 1919 1356 1976 coaptet.
1365 1917 1468 1979 eliquit.)
1480 1932 1511 1967 ex
1530 1920 1667 1973 uisentibus
1678 1924 1781 1987 quilibet
1789 1941 1840 1980 uon

1032 1965 1097 2014 otnul
1108 1977 1203 2019 uiortum
1254 1974 1316 2023 tior?
1328 1976 1433 2029 liei-utu.
1446 1994 1479 2029 ex
1491 1983 1540 2031 rin.
1553 1998 1602 2033 nou
1621 1984 1725 2049 quilibet
1741 1999 1839 2040 mortim

1033 2028 1130 2087 potior?
1142 2040 1202 2082 ttoni
1229 2032 1335 2100 ⁴aliique
1346 2051 1355 2090 .·
1365 2054 1398 2091 ex
1407 2044 1452 2091 iii.
1465 2045 1624 2101 nooeuilibet
1632 2056 1729 2101 mortuo
1740 2052 1839 2117 potiori

867 2191 1150 2274 wdltbulauttts.

272 2292 392 2357 Quodque
404 2297 474 2348 bunis
485 2302 553 2363 praui
563 2314 630 2366 stepo
648 2316 741 2356 nouere
752 2318 856 2370 queunt.

242 2352 344 2418 Hosque
359 2356 406 2407 Dei
423 2368 482 2409 niitu
494 2376 542 2413 non
554 2364 588 2421 iit,
601 2367 642 2428 qui
654 2368 727 2417 corda
739 2383 839 2423 sitorum

273 2416 318 2467 liis
330 2420 404 2469 etiam
417 2420 489 2473 bellis
500 2423 657 2487 glorilieanda
668 2431 763 2495 probat.

244 2476 363 2531 Cmseiint
376 2483 492 2534 uirtutum
504 2488 599 2551 palmae,
612 2500 776 2558 crescuntque
788 2506 885 2549 toronae

275 2541 400 2595 Mutantur
410 2546 493 2598 mundi
503 2551 586 2613 pruritu
597 2564 659 2617 paee
670 2554 728 2605 Dei.

214 2632 290 2705 clu.
308 2638 425 2710 iuviti.
440 2686 476 2697 -
487 2654 524 2731 (a)
540 2656 582 2715 Eu
593 2676 644 2731 quo
656 2665 713 2719 aetii
726 2668 819 2737 [route

1033 2328 1373 2431 ⁰¹¹⁰.¹⁰⁸⁰³⁰⁵9''.⁸.A¹f”9b·
1394 2348 1441 2404 lib.
1453 2367 1492 2436 rit.
1507 2353 1568 2411 duet
1578 2358 1690 2442 uniatur,
1704 2371 1834 2445 atqueae-
1901 2384 1910 2397 ·

1032 2410 1116 2531 darn!
1128 2408 1276 2535 ebgileidrcrs
1296 2418 1482 2508 illustriaque,
1504 2436 1587 2511 ‘utque
1608 2433 1751 2555 ‘'igi’ss‘ffl'f‘
1777 2438 1835 2551 coeli

1053 2546 1060 2559 .
1094 2494 1144 2546 qtie
1174 2500 1524 2560 eurqeeconspieereintertrs
1537 2515 1637 2569 corpori
1654 2520 1684 2558 us
1697 2514 1772 2578 utque
1782 2524 1817 2562 nu

1032 2544 1092 2602 die:
1103 2551 1249 2611 Ablueebo
1266 2559 1382 2617 Cererem
1403 2563 1495 2637 [muru
1508 2578 1538 2624 rit
1555 2574 1679 2643 praedicnt
1703 2576 1831 2655 Lucretii]

1031 2633 1208 2681 murmurent.
1219 2636 1273 2685 ele.
1293 2630 1361 2689 liat.

828 2668 913 2739 bitem
926 2674 977 2729 ite·
1066 2692 1108 2760 qui
1121 2694 1153 2749 ei
1168 2702 1268 2758 nmio.
1297 2703 1425 2762 amitam
1446 2720 1471 2764 n
1495 2712 1829 2778 quietantiarum.

1030 2772 1058 2819 et
1071 2762 1159 2824 Rbeii.
1173 2770 1218 2825 ed.
1231 2773 1333 2838 prima:
1351 2780 1425 2833 etium
1439 2783 1539 2855 legunt,
1553 2787 1662 2844 scilieet
1674 2797 1703 2845 ut
1716 2792 1831 2851 borona·

1029 2834 1063 2889 lis
1074 2834 1131 2892 Sat.
1145 2856 1171 2894 r.
1188 2842 1249 2897 ibt.
1269 2846 1313 2903 ille
1325 2847 1392 2906 leus
1403 2862 1470 2920 erat,
1487 2858 1531 2925 qui
1543 2859 1694 2927 prodesset.

1105 2928 1289 2995 Quadringenta
1301 2940 1344 2989 tibi
1353 2941 1373 2990 si
1383 2944 1440 3006 quis
1450 2942 1521 3007 deus,
1534 2955 1576 3000 aut
1587 2950 1675 3005 similis
1687 2952 1741 3017 dis,

1107 2992 1139 3043 Et
1147 2995 1236 3046 melior
1244 2998 1301 3049 latis
1311 3002 1416 3055 donaret
1427 3006 1570 3063 bomuueio.

177 3063 247 3135 apud
260 3066 379 3123 Persium
391 3068 447 3126 Sat.
456 3088 474 3127 l.
487 3072 514 3129 5.
525 3074 573 3143 Qui
587 3074 670 3133 lanus
681 3079 707 3133 iii
719 3078 831 3137 'ridicula
842 3084 887 3140 illa
897 3079 977 3143 clau·
1030 3070 1077 3128 ΜΘ
1098 3082 1280 3167 Ῑξῑῖανὲσῖαῑθὲ
1293 3086 1369 3155 ⁰¹¹]OE
1381 3104 1501 3175 limeis
1521 3104 1579 3179 elil
1597 3098 1736 3158 auxiliu¹¹¹·
1763 3100 1831 3187 Ηῑῦβ

177 3134 214 3189 dli
228 3138 461 3209 llpoonluepiitosi,
473 3160 551 3213 quani
567 3146 628 3201 lusit
642 3149 875 3219 Superaequum
891 3156 1013 3238 domuc
1030 3142 1130 3203 V³¹⁰f¹¹
1146 3150 1254 3209 „³¹¹⁰”
1268 3155 1459 3227 idflliffllss'ffl»
1481 3165 1547 3221 ΗΜ
1562 3185 1587 3221 ¹¹¹
1607 3171 1718 3244 lli⁰¹⁰g⁰
1728 3172 1761 3228 ³st
1782 3175 1829 3230 ΤΙ-

180 2736 231 2793 que
254 2732 310 2778 tuto
329 2724 510 2797 subsannabo,
527 2746 578 2787 nee
591 2732 690 2791 ridebit
702 2752 756 2793 nie.

223 2832 349 2897 Oinarea
361 2844 432 2902 tergo
441 2848 517 2903 quein
527 2842 594 2893 nulla
603 2845 697 2896 tironia
708 2846 792 2961 Blasii,

223 2896 277 2947 Nec
287 2902 506 2954 manusaurieulas
516 2906 609 2958 imitata
619 2914 657 2959 est
667 2922 708 2959 mo
725 2910 851 2974 lllsalbas,

223 2958 276 3011 lieo
286 2959 387 3026 lingue,
398 2972 516 3027 quantuni
529 2970 596 3021 sitiat
607 2972 674 3023 oanis
684 2974 781 3038 appula,
795 2981 883 3041 tantm

177 3210 339 3275 quantiuuuis
353 3216 432 3286 aufer,
444 3216 487 3284 qui
499 3232 598 3301 semper
610 3220 676 3276 uidet
686 3224 739 3291 iupa
747 3234 826 3297 aptes·
837 3232 878 3283 uei
890 3235 976 3287 buten.

179 3277 264 3344 Quem
278 3281 366 3351 itaque
386 3283 530 3357 bilinguem
550 3289 652 3347 inducit
677 3292 777 3351 Statius
797 3296 872 3371 Syla.
897 3316 933 3359 iu.
949 3304 976 3359 Ξ.

179 3350 225 3406 lb.
236 3350 373 3410 Consului.
389 3354 531 3415 Domitiani
544 3378 552 3417 z

536 3474 614 3527 Leuat
624 3489 686 3529 ecoe
696 3481 797 3543 supinas

222 3526 286 3581 Hine
297 3536 373 3597 mque
384 3534 441 3585 inde
457 3546 551 3601 monim,
565 3542 716 3607 genuinoque
727 3544 774 3595 bae
786 3558 847 3598 rooe
857 3547 976 3613 profatur.

177 3630 235 3691 lloe
247 3632 306 3691 loeo
318 3643 518 3715 steeexpuugit
530 3644 606 3701 Firld.
619 3646 825 3708 :undelortasse
836 3668 899 3711 uera
912 3671 977 3712 eon-

176 3704 278 3775 jeclura
293 3702 363 3766 linui
379 3721 407 3766 et
416 3714 476 3776 qriiu
486 3715 544 3771 aetii
557 3718 651 3787 (route.
669 3718 736 3775 ilua.

214 3778 223 3843 (
228 3776 254 3845 b)
265 3778 396 3837 Cotidiore
405 3785 550 3844 timiditate.
569 3786 606 3844 lta
617 3802 744 3860 expresse
758 3790 854 3859 legitur
866 3796 891 3851 iii
908 3796 972 3855 Ctiil.

177 3846 257 3904 butu.
273 3851 452 3923 adstipulante
462 3859 542 3913 etiam
558 3860 666 3925 Aldine,
678 3879 738 3915 uum
758 3864 857 3925 initiis
872 3868 975 3939 lugetur

175 3914 318 3990 locumque
333 3925 430 3993 nussim
441 3930 577 3999 occuparit
586 3942 634 3985 ros
647 3930 778 3989 calidiore.
790 3936 854 4003 Qum
868 3938 911 3995 liic
925 3944 974 3997 mi-

177 4004 229 4043 nus
242 4001 304 4059 apta
319 3994 438 4059 uidetur:
456 4001 511 4053 nult
524 4000 595 4056 euiui
610 4003 765 4073 exprimere
778 4018 871 4065 auetur
884 4010 972 4068 lerno-

176 4074 234 4115 rent
245 4071 272 4116 et
284 4064 371 4121 uelatur
380 4068 518 4140 religionis
536 4086 614 4141 quem
626 4076 828 4142 praetendebant
846 4085 971 4154 gentiles,

176 4146 312 4203 quemque
326 4138 442 4194 ostendit
465 4140 646 4201 ardentiorem
667 4145 750 4203 multo
765 4149 836 4207 eirea
856 4152 972 4223 luipem·

177 4210 260 4270 toreS,
276 4207 320 4275 qui
348 4206 470 4265 boiuiries
490 4222 601 4281 taritiiui,
622 4232 702 4285 quam
726 4219 794 4275 Deus
818 4222 891 4291 ipsos
904 4240 973 4297 quos

176 4268 323 4330 credebant
335 4276 511 4339 immortales.
526 4284 560 4341 Et
574 4287 643 4341 sieut
667 4288 778 4344 calidum
802 4292 971 4353 timiditatem

175 4344 292 4413 appellat
306 4346 419 4405 Tertiill.
439 4357 646 4415 assentationem
670 4359 742 4415 illam
756 4378 815 4433 quie
835 4366 885 4420 suli
905 4370 970 4425 reli-

174 4416 262 4485 gionis
283 4429 309 4474 et
323 4422 432 4477 liiiiioris
443 4428 532 4495 speeie
543 4429 635 4485 inultis
648 4430 744 4502 ineptis
764 4434 854 4492 uerbis
868 4438 897 4494 lit
909 4440 970 4495 Cau-

172 4487 238 4555 aari,
254 4488 288 4543 iia
303 4488 440 4550 Lueretius
459 4514 566 4569 quoque
580 4502 693 4558 amicam
706 4503 782 4575 enjus
799 4506 887 4577 lingua
902 4526 1010 4604 uuir-D

173 4574 254 4631 quam
277 4562 406 4629 silet,sed
437 4570 563 4625 uurrbusas
589 4588 672 4642 ungas
693 4590 800 4646 semper
823 4590 850 4635 et
874 4581 971 4652 ubique

172 4630 319 4761 manauit,
333 4638 473 4707 aptissimo
495 4642 578 4697 uerbo
602 4652 679 4712 voest
697 4648 859 4720 priqrunteui.
873 4652 919 4708 lib.
932 4670 970 4711 tu.

249 4798 281 4849 et
291 4798 408 4867 llagraus,
420 4802 513 4868 odiosa,
526 4804 666 4872 loquacula,
679 4819 783 4873 mpetum
795 4812 828 4863 tlt.

172 4900 262 4959 Facile
283 4904 371 4975 itaque
387 4906 442 4963 uiis
461 4908 519 4965 suis
542 4909 728 4981 superinduxit
744 4912 806 4969 Asia
821 4914 931 4972 Romam
944 4926 972 4977 et

172 4972 316 5041 Caesarem,
327 4979 424 5048 quibus
436 4982 532 5047 tempta
546 4982 794 5041 erexitailliuedum
809 4986 836 5041 lu
851 4991 969 5047 u‘ttntiuls'

172 5047 325 5116 oouspirua,
341 5049 418 5105 titulo
432 5051 513 5109 lllill.
526 5054 570 5109 ΕΤ
584 5054 663 5113 alta
678 5054 756 5110 coti.
772 5057 836 5113 ast.
852 5058 969 5116 Consule

191 5116 350 5173 referentem
373 5122 432 5176 illos
449 5124 569 5178 l‘aitinuiu
586 5127 612 5179 in
626 5125 707 5183 lires.
719 5126 784 5198 plS
798 5142 825 5187 et
839 5130 883 5188 tie.
898 5131 966 5189 Caii.

170 5130 202 5243 E.
218 5188 249 5243 Β.
265 5190 358 5259 itiqiori'
367 5202 390 5247 et
399 5192 537 5250 callidiori.
554 5196 622 5252 liat.

206 5260 246 5329 (e)
257 5258 298 5315 De
312 5260 422 5334 Oiqiiipo
435 5264 534 5323 levent.
557 5267 593 5323 lta
607 5271 742 5341 eleganter
767 5272 894 5343 loquitur,
906 5289 966 5331 cum

168 5333 303 5397 potuisset
315 5332 504 5392 diaretorum
521 5338 682 5412 Olympium.
702 5342 753 5398 Sed
769 5346 854 5403 uoluit
868 5347 966 5403 imitari

167 5402 321 5459 Lucretium
335 5419 425 5471 suurn,
441 5410 486 5479 qui
501 5410 537 5465 itu
552 5427 727 5467 mammosam
739 5416 862 5471 Cererem
876 5420 968 5488 appel-

169 5472 235 5529 lauit
257 5476 289 5528 ub
302 5473 408 5545 lucclro,
425 5493 473 5549 pro
488 5480 573 5537 lucebi
597 5484 639 5539 vei
653 5484 748 5539 Bicelii
770 5488 895 5555 amicam,
912 5492 964 5557 uel,

167 5554 197 5599 ut
210 5554 284 5601 notat
302 5544 417 5615 Salmas,
437 5551 470 5605 ad
492 5552 607 5609 dedicat.
632 5563 726 5611 statiioe
752 5558 863 5625 Remu-e
879 5576 905 5631 p.
919 5561 965 5617 36.

167 5616 254 5671 laeclii
277 5626 390 5673 litttllttltl
414 5620 458 5685 qui
486 5622 568 5679 irater
588 5625 667 5683 luerit
681 5624 858 5701 Proserpinae.
879 5632 968 5689 liaeus

167 5695 254 5758 poete
268 5698 309 5745 est
324 5704 359 5743 ru.
377 5690 458 5747 ltus.

161 5824 170 5843 ,
208 5780 240 5831 at
251 5780 349 5844 gemina
359 5786 534 5851 etgmammosa,
549 5790 625 5843 Ceres
640 5802 678 5845 est
692 5798 743 5859 ipsa
759 5796 790 5847 ab
803 5796 899 5849 laccho.

1031 3216 1145 3287 beritum,
1160 3239 1238 3289 quem
1251 3225 1303 3282 diis
1313 3237 1455 3301 preponit,
1471 3238 1549 3307 quod,
1569 3240 1662 3311 iuquit,
1679 3254 1769 3300 caetere
1781 3246 1831 3301 Di-

1030 3288 1124 3346 iiinitui
1136 3295 1255 3363 opinione
1275 3300 1420 3373 colliqitur,
1445 3317 1490 3361 tuci
1512 3314 1631 3380 piamenti
1645 3312 1705 3382 pide,
1724 3326 1829 3386 poterae

1030 3363 1144 3433 auitoque
1158 3367 1236 3423 sideri
1248 3386 1296 3435 pur
1307 3373 1413 3431 uidetur.
1427 3378 1497 3504 guid
1510 3384 1638 3439 miremur
1664 3387 1753 3459 itaque
1767 3388 1843 3450 Ouia

1030 3427 1067 3487 dii
1079 3445 1182 3504 uotiun,
1197 3440 1241 3495 ubi
1253 3440 1372 3514 loquitur
1382 3446 1416 3503 de
1456 3454 1571 3523 ugusiut

1091 3526 1124 3580 Ut
1134 3531 1192 3582 mibi
1205 3532 1236 3583 Di
1245 3532 1352 3601 laneam,
1365 3540 1429 3591 deos
1439 3552 1478 3594 est
1488 3544 1640 3599 maiiitestior
1651 3551 1717 3615 ipsis.
1732 3550 1797 3605 Har.

1065 3610 1104 3683 (e)
1127 3613 1236 3679 Quilibet
1257 3634 1308 3673 uuir
1328 3624 1398 3677 omiti
1412 3641 1447 3678 nt.
1461 3643 1488 3693 p.
1512 3626 1639 3695 sepiem
1658 3632 1725 3690 coit.
1747 3634 1825 3692 Fulil.

1028 3679 1182 3741 laesionem.
1199 3702 1249 3757 pro
1263 3706 1314 3761 qua
1328 3692 1388 3764 Rig.
1404 3699 1505 3753 maruli
1523 3702 1628 3769 quilibet
1649 3720 1701 3759 nou
1726 3718 1828 3763 mortuo

1048 3754 1279 3825 otinrioiiiimoiln
1304 3772 1331 3818 et
1345 3779 1530 3830 representans
1555 3772 1718 3831 Membrone
1740 3778 1772 3832 L.
1794 3780 1825 3835 B.

1027 3770 1136 3881 floralil.
1153 3845 1203 3883 uon
1213 3833 1329 3902 quilibet.
1347 3835 1456 3896 Wotiw.
1468 3856 1501 3895 eu
1515 3842 1569 3898 its.
1584 3857 1612 3901 et
1625 3848 1743 3918 Scaliger
1756 3866 1826 3921 prar-

1029 3894 1116 3952 leruut
1129 3915 1179 3954 eon
1194 3904 1306 3971 quolibet
1318 3919 1417 3965 mortuo
1438 3930 1465 3981 p.
1489 3913 1565 3969 Pam.
1580 3915 1698 3987 deniqne
1713 3929 1740 3974 et
1767 3922 1824 3988 alii,

1027 3978 1078 4020 uon
1092 3969 1194 4025 utrilibet
1217 3991 1251 4029 nr.
1272 3994 1299 4047 p.
1324 3978 1391 4034 Puto
1413 3989 1503 4039 tamen
1528 3988 1669 4054 scripsisse
1684 3990 1824 4059 Nostrum,

1027 4052 1110 4094 iioiine
1123 4044 1193 4097 oiuiii
1203 4056 1302 4103 ntortuo
1314 4053 1470 4119 parturisse
1481 4072 1544 4111 uero
1556 4056 1657 4115 dictum
1669 4064 1825 4131 proverbia·

1026 4107 1097 4177 liter,
1118 4114 1280 4187 pulelireque
1295 4122 1391 4177 eutiilit
1408 4127 1621 4195 sapientissimus
1649 4149 1694 4188 reu
1718 4134 1826 4191 Salomo

1025 4178 1052 4233 lu
1068 4182 1136 4239 libro
1149 4190 1192 4241 oui
1207 4190 1300 4246 titulus
1314 4192 1417 4250 Euoles.
1434 4212 1473 4253 rx.
1491 4200 1517 4254 b.
1534 4199 1611 4257 Curiis
1633 4204 1704 4259 uiuus
1725 4217 1825 4261 mortuo

1025 4250 1097 4308 tuone
1111 4258 1203 4324 potior.
1217 4258 1284 4315 Cum
1298 4264 1370 4319 enim
1389 4280 1513 4325 mortuus
1533 4271 1599 4327 nibil
1614 4278 1723 4343 sentiat,
1737 4277 1827 4345 lepide

1024 4337 1078 4378 non
1089 4328 1221 4396 sepulcro,
1236 4332 1284 4387 seii
1293 4335 1344 4391 sibi
1358 4337 1421 4393 iiio
1442 4340 1541 4397 uitleuti
1557 4346 1735 4418 sentientisque
1754 4349 1824 4405 dona

1024 4394 1145 4453 exbiberi
1154 4403 1209 4457 vult
1222 4404 1273 4459 iste
1283 4406 1310 4460 in
1320 4408 1479 4481 anthologia
1493 4413 1539 4471 lib.
1549 4430 1578 4471 ir.
1591 4432 1617 4472 e.
1634 4434 1715 4474 xurri.
1737 4422 1823 4495 equ.

1086 4502 1118 4540 bri
1128 4503 1183 4554 pbpt,
1195 4506 1219 4556 quai
1230 4510 1327 4561 nequiens
1337 4512 1413 4560 lubinus
1424 4515 1510 4565 στῼιισι
1521 4518 1595 4571 gaqiteu
1601 4550 1607 4567 ‚

1116 4563 1170 4613 ltqit
1179 4573 1201 4607 eb
1210 4574 1245 4622 siqu
1254 4572 1328 4624 qbilgg·
1341 4578 1365 4622 alg
1373 4578 1423 4615 stibii
1431 4578 1443 4626 ᾗ
1450 4576 1526 4629 δαπάνη.

1088 4630 1145 4667 zani
1155 4642 1193 4679 pei,
1204 4629 1241 4671 sisi
1250 4634 1313 4682 were,
1323 4640 1407 4689 gdpmu·
1418 4642 1482 4693 τίφην
1493 4640 1516 4683 bl
1527 4646 1618 4694 patim

1119 4691 1513 4753 maneamusque-sentem.
1595 4760 1599 4764 ,

1025 4757 1100 4826 Quod
1113 4772 1211 4829 praeter
1224 4767 1291 4824 alios
1305 4782 1416 4829 reiiirste
1431 4776 1465 4831 ita
1479 4780 1614 4834 tmustiilit
1632 4780 1820 4839 Biiebananus.

1088 4831 1166 4883 Nemo
1177 4850 1245 4888 meas
1256 4841 1365 4894 ouiuulet
1376 4844 1447 4895 violis
1457 4846 1623 4911 fragrantibus
1633 4854 1740 4916 umbras,

1117 4894 1170 4947 Nee
1180 4900 1239 4951 aiibi
1252 4905 1400 4967 ppuaiuitliim
1411 4909 1477 4960 mole
1487 4913 1601 4976 sepulcra
1612 4914 1686 4967 locet.

1086 4956 1179 5069 Squuis
1193 4972 1265 5021 airiat,
1279 4970 1332 5017 vino
1346 4970 1440 5032 largum
1452 4986 1480 5021 se
1492 4984 1593 5039 prestet
1604 4976 1689 5041 analeo,

1139 5022 1217 5073 alibus
1229 5028 1314 5079 odietis
1326 5032 1382 5081 ilum
1395 5032 1462 5083 loeus
1475 5050 1531 5086 esse
1542 5047 1631 5102 potest.

1083 5081 1178 5133 Verum
1188 5088 1230 5137 nbi
1243 5102 1399 5157 oiirmmptos
1410 5096 1528 5149 Lachesis
1539 5102 1596 5149 niilii
1609 5102 1678 5154 liniet
1688 5114 1773 5166 auum,

1114 5144 1161 5197 Vel
1174 5147 1251 5201 tracta
1263 5157 1361 5207 incultis
1370 5159 1471 5210 liorreat
1487 5175 1548 5212 urna
1557 5165 1639 5231 rubis.

1020 5223 1055 5280 Et
1067 5231 1186 5297 pressius
1207 5236 1286 5304 paulo
1300 5239 1462 5311 Opsopoeus.

1083 5319 1234 5376 llartuoreas
1245 5334 1337 5381 statum
1347 5330 1397 5382 noli
1413 5334 1533 5385 redimire
1543 5339 1648 5397 eoronis,

1135 5392 1189 5435 rata
1203 5402 1251 5441 nee
1261 5392 1289 5441 iu
1299 5396 1408 5446 bannimus
1419 5397 1524 5447 tundere
1535 5400 1592 5448 rina
1607 5400 1677 5450 vetis.

1083 5446 1192 5505 virenti.
1201 5452 1281 5514 siquid
1298 5456 1412 5517 placitum
1424 5466 1473 5519 est,
1485 5460 1578 5524 largire
1587 5464 1680 5524 sodali;

1114 5506 1270 5565 Perlundeiis
1281 5520 1403 5577 cinerem,
1415 5523 1499 5586 reddis
1507 5526 1584 5574 ainrico
1595 5525 1683 5576 lutum.

1084 5565 1137 5630 Qua
1148 5575 1192 5625 tibi
1205 5592 1234 5626 re
1246 5580 1335 5631 saltem
1345 5597 1398 5633 suni
1417 5593 1457 5635 tus
1468 5588 1605 5649 perduntur
1617 5588 1714 5649 inaues,

1113 5629 1145 5685 Et
1154 5639 1214 5690 milii
1225 5640 1343 5696 defuneto
1354 5600 1436 5697 nuliius
1448 5648 1553 5698 babetur
1565 5650 1649 5699 bonos.

1019 5714 1097 5785 Quod
1118 5734 1304 5793 argumentum
1319 5731 1496 5788 dnararelius
1515 5733 1634 5803 sopliista
1659 5734 1740 5793 etiam
1765 5753 1820 5795 nou

1020 5788 1138 5859 neglexit
1159 5796 1229 5868 apud
1260 5802 1404 5861 burianum
1425 5804 1460 5862 de
1480 5804 1583 5877 Exped.
1604 5806 1682 5863 Alea.
1701 5824 1727 5880 p.
1754 5808 1818 5865 liiii.
