4084 6334
155 270 213 331 aet
729 272 955 337 absentatio
974 272 1006 331 b.
1026 272 1071 333 be
1088 272 1241 335 hebeat.
1751 276 1807 337 aot

158 388 283 447 bantines
307 394 438 447 seratum
461 389 531 463 iguis
560 389 733 463 supplicium,
757 391 852 449 eadem
870 390 1108 465 bonosAtinqua,
1121 402 1147 447 et
1160 392 1192 447 de
1201 391 1281 464 stipite
1299 391 1392 448 anime
1403 389 1525 465 {elisiae
1536 390 1656 464 implorat
1680 392 1807 449 rusilium

155 481 955 557 justasqoesempiternamauetbooorumoperatnmerecs.
1011 484 1105 560 (ibid,
1130 503 1189 560 cop.
1212 484 1260 561 Ἰ),
1283 501 1379 558 nempe
1399 486 1523 559 pauperis
1544 486 1647 544 Lazari.
1663 486 1717 545 llec
1743 488 1809 545 sinit

157 574 336 648 Posteaquam
359 577 431 634 euim
457 585 592 633 mortuum
613 591 712 650 corpus
733 587 857 635 nostram
871 577 958 635 adri·
1007 580 1147 653 sihiobjici
1170 581 1242 639 ltsoc
1255 594 1316 639 esse
1336 579 1501 657 pqrabolam.
1527 579 1653 637 Additum
1668 583 1808 639 enimuero

158 676 213 727 tant
235 666 326 724 denuo
345 667 491 725 excitatum
506 667 610 726 luerit:
629 668 745 736 Erintsr,
769 670 958 742 inquietiores
1007 688 1107 731 nonren
1128 673 1222 732 Lazari
1235 688 1294 731 rem
1315 688 1406 731 reram
1428 673 1545 742 indicat;
1566 682 1595 731 et
1607 674 1730 746 quamvis
1757 689 1807 745 pa·

157 760 202 831 qni
219 776 298 828 nure,
313 760 486 832 waldpert
500 758 665 832 (Tertullian.
678 761 825 835 emtores,
838 779 897 833 cap.
908 762 956 832 tt,
1007 766 1102 824 rabula
1126 775 1208 834 esset,
1231 766 1288 839 ipsa
1302 765 1429 839 ¹veritatis
1454 774 1497 823 est
1518 766 1711 823 testimenium.
1738 766 1808 825 Taltt

157 873 185 928 p.
211 852 295 927 estu
316 856 379 927 qnia
394 855 465 913 idem
482 855 580 928 ipsam,
594 855 632 912 uti
650 857 774 928 saperius
788 856 955 925 dictumest,
1008 858 1106 917 deinde
1117 859 1215 931 adiecit
1231 877 1238 914 :
1255 858 1324 929 Quid
1338 868 1375 915 est
1387 868 1472 915 autem
1484 858 1566 927 illud,
1579 860 1648 933 quad
1656 860 1691 917 ad
1706 862 1809 932 insana

156 954 280 1003 nothum
303 962 404 1019 eorpus
428 957 561 1022 resurget.
585 949 654 1008 Tam
668 948 850 1019 Deieultaret,
871 952 958 1024 perqit
1009 957 1162 1027 transfertur
1186 964 1243 1025 part
1267 954 1403 1011 diuortium
1424 936 1549 1027 eorporis,
1577 954 1646 1025 qued
1670 954 1809 1023 detinetur,

157 1040 214 1109 ille,
228 1041 301 1113 apud
312 1038 396 1097 Deum
409 1058 520 1116 temper,
539 1043 701 1115 superinduti
727 1042 868 1101 substantia
894 1060 957 1118 pro-
1007 1048 1077 1119 quad
1098 1048 1126 1103 iu
1150 1046 1218 1103 diem
1234 1047 1331 1117 iudicii
1345 1056 1489 1104 reservatur
1495 1064 1506 1115 ;
1520 1046 1555 1102 ad
1567 1046 1635 1118 qued
1653 1056 1677 1101 et
1690 1044 1807 1105 Christus

105 1138 114 1149 '
157 1133 375 1203 priateternt'tatit
387 1131 494 1208 (lile),
505 1134 595 1205 idest,
606 1134 833 1206 superinduentur
844 1136 957 1192 intuter-
1008 1138 1140 1196 moriendo
1154 1140 1305 1197 deseendit?
1327 1138 1397 1195 Puto
1410 1139 1445 1195 ad
1457 1139 1556 1195 animat
1579 1139 1809 1213 patriarcharum:

157 1223 268 1281 talitatis
280 1225 353 1281 dane
366 1225 439 1297 quad
450 1235 582 1283 aeteruum
596 1226 724 1284 subsistet
733 1241 765 1284 ac
777 1226 956 1299 permanebit.
1008 1230 1054 1287 red
1065 1231 1237 1305 qaantehrem,
1253 1232 1276 1289 ei
1295 1230 1361 1287 nihii
1373 1232 1459 1287 anima
1472 1230 1518 1286 tub
1530 1230 1625 1286 tumst
1628 1269 1694 1289 ......
1708 1234 1735 1287 in
1748 1248 1810 1288 aar·

156 1314 229 1373 Dixit
238 1326 331 1374 antem
343 1315 485 1374 salutantia
502 1320 609 1390 proprie
622 1319 770 1375 aternitatis
788 1318 883 1392 (tata,
896 1336 956 1390 cap.
1009 1340 1066 1380 rere
1081 1324 1127 1381 sal
1140 1324 1279 1381 diversoria
1292 1325 1414 1396 inseram,
1430 1324 1457 1379 in
1470 1325 1534 1397 iqni,
1550 1325 1589 1379 net
1600 1324 1628 1379 in
1641 1325 1700 1381 sinu
1723 1324 1808 1380 Abra·

155 1406 202 1476 te,
227 1426 255 1482 p.
269 1407 353 1482 tas).
368 1424 419 1481 qua
435 1408 501 1481 justi
515 1410 638 1469 homines
649 1426 704 1466 oon
716 1411 804 1467 solum
816 1412 957 1467 immorta-
1009 1413 1268 1490 raritatibus
1290 1418 1370 1488 igitur
1389 1416 1489 1475 iuieres
1519 1431 1580 1474 esse
1604 1418 1809 1474 subterraneam

157 1501 243 1571 litate,
257 1504 305 1561 sed
318 1503 448 1561 felicitate
461 1514 601 1578 perpetua,
617 1507 659 1562 rel
671 1506 811 1578 sicutipse
825 1508 956 1580 taqutmr,
1009 1510 1111 1579 lacum,
1126 1522 1153 1569 et
1167 1510 1255 1568 staura
1269 1511 1396 1579 Abrabae,
1416 1511 1460 1569 ubi
1485 1510 1575 1568 atritis
1587 1510 1701 1583 improbi
1716 1512 1806 1567 anima

158 1606 254 1653 tetertsa
268 1597 411 1670 resriqeria,
424 1607 450 1653 et
463 1598 549 1655 diuina
566 1599 712 1656 unemtate
724 1600 848 1659 fruentur
858 1601 953 1677 (ibid,
1009 1603 1195 1674 torquebatur,
1211 1604 1237 1659 in
1252 1618 1333 1676 quem
1347 1602 1471 1659 Christus
1486 1612 1552 1675 past
1567 1613 1681 1659 ntortem
1694 1602 1809 1661 deseen-

158 1690 345 1763 caethaea.
360 1688 440 1764 tta).
727 1722 730 1726 .
1009 1692 1066 1764 dit,
1088 1704 1116 1751 et
1137 1696 1181 1753 ubi
1210 1695 1369 1767 patriarchae
1396 1694 1471 1751 illam
1495 1695 1681 1767 expectabant.
1711 1694 1810 1753 Postea

124 1780 130 1785 “
192 1782 361 1851 Quamcerto
371 1793 463 1841 autem
476 1794 504 1843 et
519 1800 585 1843 rere
598 1784 626 1842 id
639 1796 794 1857 assereret,
810 1796 865 1845 em
879 1789 958 1850 tacite
972 1798 996 1860 Β
1009 1802 1086 1856 uero,
1102 1789 1139 1844 u'e
1151 1798 1176 1843 et
1190 1788 1274 1856 diuiti,
1297 1786 1394 1859 inquit,
1410 1787 1481 1858 apud
1498 1786 1594 1858 inieras
1615 1786 1704 1860 tirqaa
1722 1794 1771 1854 est,
1785 1797 1809 1843 et
1869 1784 1873 1791 '

154 1877 241 1950 ipsius
249 1875 363 1947 deloco,
384 1878 547 1936 ubiillorunt
560 1881 955 1955 antrum,corporttrassetatae‚
1012 1881 1120 1954 estred
1141 1881 1246 1952 diqitua,
1272 1888 1297 1935 el
1311 1882 1382 1936 tinet
1403 1880 1522 1936 atrahe.
1541 1878 1595 1937 Pet
1616 1880 1664 1935 Μ*
1687 1880 1767 1937 llatae
1784 1890 1809 1937 et

155 1969 189 2025 ad
203 1981 353 2027 extremum
371 1970 596 2044 usquejudicium
605 1973 781 2045 recipientur,
794 1974 906 2034 dubiam
924 1992 957 2035 aa
1010 1972 1104 2027 aniane
1115 1981 1257 2045 martyrum
1270 1972 1316 2027 tab
1329 1972 1406 2027 altari
1415 1970 1593 2047 intelliguntur
1603 1970 1696 2045 (leid,
1724 1990 1748 2029 c.
1767 1972 1807 2047 9).

154 2062 328 2121 llttetttanlettt
350 2064 472 2122 animum
495 2065 733 2137 deprehendimus.
761 2068 882 2127 Primam
897 2081 957 2128 cte·
1010 2064 1144 2139 Numquid
1160 2080 1224 2138 ergo
1243 2066 1280 2122 ibi
1294 2066 1375 2123 etiam
1391 2076 1419 2122 et
1440 2066 1536 2123 iisdem
1548 2064 1641 2122 inieris
1654 2066 1705 2122 sub
1718 2067 1807 2133 altari,

154 2159 211 2215 airu
225 2156 254 2213 io
265 2171 316 2214 suo
339 2156 530 2230 apaloqetieo:
545 2156 712 2227 Paradisum,
728 2161 823 2233 inquit,
838 2164 957 2218 natura·
1010 2160 1115 2234 dequnt
1140 2160 1238 2217 animae
1256 2158 1423 2233 martyrum?
1442 2158 1496 2216 Sed
1521 2168 1583 2231 past
1596 2159 1706 2215 modam
1730 2160 1810 2232 paulo

155 2268 213 2307 rnrnt
226 2252 312 2308 meunt
332 2251 426 2308 diuinae
447 2252 613 2322 amenitatis,
633 2255 787 2327 recipiendia
810 2266 958 2313 marimum
1011 2251 1179 2310 enucleatius
1192 2251 1381 2323 explicabitur.

153 2345 285 2416 spirtum
296 2344 464 2413 destinatum,
478 2347 589 2403 maenis
599 2347 713 2419 quadam
727 2348 809 2421 iqnee
822 2346 895 2405 itlius
908 2347 959 2406 Za-
1047 2343 1158 2401 iuterim
1174 2344 1249 2400 illuat
1264 2344 1407 2401 audiamus
1422 2342 1509 2400 adhuc
1523 2342 1686 2415 loquentem.
1702 2342 1747 2400 hit
1761 2359 1810 2401 aa·

154 2452 235 2505 nte,n
254 2438 347 2493 nemis
369 2436 440 2494 erlis
465 2439 609 2498 eommunis
628 2440 958 2516 repraesentassent
1011 2445 1066 2494 tem
1080 2436 1218 2493 Christum
1233 2438 1261 2495 in
1280 2436 1406 2495 interiora
1432 2444 1565 2493 terrarum
1583 2434 1766 2505 descendisse,
1780 2447 1810 2493 ut

155 2529 279 2588 nonnulli
291 2529 448 2588 existimant
458 2533 494 2590 ibi
509 2548 571 2589 eum
586 2534 739 2605 respexisse
748 2532 782 2591 ad
795 2534 855 2591 beo
866 2534 958 2593 tene·
1009 2529 1065 2585 t'llic
1086 2528 1247 2603 patriarchas
1258 2537 1283 2584 et
1298 2528 1435 2606 prophetas
1448 2528 1625 2598 conspatettui
1633 2530 1736 2599 iaceat.
1752 2526 1812 2585 llu-

154 2641 217 2683 seos
237 2625 320 2684 rerba
336 2626 494 2699 :Ejeeitque
507 2628 602 2694 ddum,
616 2638 641 2683 et
654 2629 787 2684 collocarit
805 2638 867 2685 nttte
879 2646 958 2701 pura-
1011 2625 1054 2681 bet
1067 2634 1091 2680 et
1104 2626 1233 2697 reqionent
1244 2626 1356 2699 inserunt
1370 2622 1565 2679 subterraneam
1586 2620 1698 2687 credere,
1714 2630 1739 2677 et
1752 2622 1812 2679 illos

156 2721 241 2775 dirum
253 2721 390 2793 uoluptatis
414 2721 557 2786 samaim,
577 2731 602 2778 et
614 2722 762 2793 llunttnettnt
774 2723 901 2796 pludt'ttnt,
915 2731 958 2779 et·
1011 2718 1096 2774 cubita
1106 2718 1209 2789 pallere,
1222 2717 1266 2789 qui
1275 2716 1337 2772 satit
1350 2716 1462 2786 superbe
1481 2730 1533 2769 nau
1555 2721 1646 2785 patant
1659 2714 1758 2770 anintat
1779 2716 1813 2785 ‘fi-

157 2828 207 2884 que
216 2813 369 2879 uersatilem,
386 2814 421 2868 ad
430 2813 695 2870 eustodiendautoimn
708 2815 772 2887 liqni
784 2816 842 2872 aito
852 2816 958 2889 (Gener.
1011 2812 1109 2869 delium
1120 2812 1209 2887 inierit
1219 2812 1310 2886 diqnas
1318 2826 1329 2878 ‚·
1338 2812 1403 2869 seran
1414 2807 1646 2881 superdonrt'nnm,
1660 2817 1683 2862 et
1693 2808 1815 2883 discipuli

157 2904 269 2977 lll,rap.
291 2922 317 2961 r.
345 2904 457 2975 ultima).
475 2905 530 2963 atti
551 2922 616 2963 nero
642 2907 670 2963 id
690 2908 959 2979 repreasentate
1011 2922 1089 2978 super
1106 2905 1274 2979 mapirtrnm,
1287 2904 1417 2977 aspernati
1440 2904 1461 2958 ti
1484 2902 1552 2972 [arte
1573 2902 1601 2956 in
1622 2902 1733 2958 taratra
1751 2906 1810 2959 st'ntt

160 2999 189 3057 in
202 3000 322 3057 aoimum
347 3000 476 3059 inducere
492 3016 571 3059 sunna
595 3011 709 3074 possunt
729 3005 849 3060 anuceria
870 3005 956 3076 iguem
1011 2998 1176 3069 capessenda
1200 2997 1391 3053 rerurrectionis
1425 2994 1547 3051 solatium
1581 3014 1672 3070 erpere
1702 2994 1810 3069 (lite,

156 3092 237 3151 lernae
250 3092 322 3151 idem
332 3102 414 3167 atque
427 3093 553 3151 flammeo
574 3095 667 3167 gladio
686 3096 843 3167 siqnilicari.
860 3097 960 3154 Putant
1011 3106 1036 3146 e.
1057 3092 1116 3165 55).
1126 3090 1256 3149 cernisne
1263 3090 1351 3148 adbuc
1363 3090 1473 3149 eosdem
1485 3092 1585 3149 inieras
1599 3094 1686 3149 sinum
1698 3090 1812 3148 tumbe

156 3186 731 3260 itaquedeuotarialiumiqnemamoenioris
745 3188 798 3245 laci
811 3188 954 3246 trinitrem.
970 3197 994 3263 ρ
1012 3186 1124 3252 uocari,
1150 3194 1178 3241 ct
1196 3184 1408 3256 patriarcharum
1435 3184 1681 3259 prophetarumque
1708 3182 1811 3239 babita-

156 3279 257 3337 teram
270 3280 329 3337 baec
342 3279 436 3351 opinio
457 3280 562 3337 ratione
573 3280 670 3337 saltem
683 3280 774 3353 aliqua
795 3280 883 3337 ialciri
909 3282 956 3339 ‹te-
1009 3276 1128 3344 tionem,
1144 3275 1190 3332 ubi
1204 3276 1302 3333 aniate
1328 3290 1376 3348 spe
1396 3276 1602 3335 resurrectionis
1625 3276 1749 3332 solatiam
1764 3288 1812 3331 ca·

155 3369 247 3428 habat.
261 3360 353 3444 ltaque
363 3370 451 3429 donec
459 3387 519 3428 eam
530 3370 678 3444 preferant,
690 3387 745 3432 non
758 3372 880 3431 uidemus
892 3374 957 3447 quid
1008 3369 1098 3442 planti

156 3463 298 3537 prohibeat
311 3465 456 3535 queminus
475 3464 656 3523 Tertullianus
667 3466 743 3523 illam
756 3468 895 3526 sumserit
913 3470 956 3525 dt'-
1046 3459 1102 3518 th
1121 3458 1242 3532 eiusdem
1268 3458 1376 3518 (limum
1396 3459 1458 3517 ΠΜ
1483 3460 1564 3517 finem
1591 3458 1735 3531 quemdam
1759 3458 1811 3515 sibi

144 3558 223 3613 sirie
240 3556 394 3614 amenitatis
413 3556 517 3627 iocum,
533 3558 580 3631 qui
605 3559 694 3616 sitatis
706 3558 844 3619 cenaeos
869 3560 958 3617 serpis
1008 3550 1181 3624 objicientem
1198 3551 1309 3609 indicit:
1327 3550 1423 3607 Omnes
1433 3568 1493 3624 erpo
1507 3552 1601 3607 animae
1613 3566 1689 3624 penu
1704 3551 1811 3626 insuat.

54 3668 62 3684 ·
157 3649 299 3722 paradisus
316 3648 806 3722 voluptatisappellaturiiiuidenim
825 3660 959 3725 repugnat
1009 3644 1058 3701 Cui
1073 3645 1164 3702 statim
1179 3644 1344 3717 respondet:
1363 3642 1434 3700 Velis
1443 3660 1474 3699 ae
1487 3642 1570 3721 nolis,
1583 3654 1607 3701 et
1616 3644 1742 3717 supplicia
1751 3644 1810 3715 iam

157 3743 181 3799 si
195 3744 275 3815 iqneo
288 3741 378 3815 gladio
400 3740 501 3799 zurtam
516 3744 621 3814 igneam
641 3744 786 3816 siqailiceri
811 3744 957 3803 arbitratus
1009 3735 1064 3791 t'llt'c
1081 3746 1105 3792 et
1118 3736 1260 3810 resriqeria.
1279 3734 1367 3791 ΗΜ
1380 3752 1528 3809 pauperem,
1544 3747 1568 3792 et
1588 3736 1690 3792 diuitem
1711 3735 1813 3810 (itta,

158 3833 217 3891 esti
229 3832 283 3891 Sed
297 3832 332 3890 de
345 3832 397 3891 hoc
410 3828 569 3893 Tertulliani
584 3836 645 3896 laco
656 3837 758 3910 aliquid
773 3839 800 3894 ia
823 3837 958 3910 superiori
1010 3832 1136 3909 eapse).
1150 3833 1263 3891 Omnem
1274 3832 1354 3904 iqitur
1366 3832 1506 3889 cumdiaat
1516 3832 1645 3899 animam,
1656 3831 1754 3889 nullam
1768 3846 1816 3889 en-

157 3924 348 3983 dissertatione
359 3928 607 4001 praeoccupavimus
620 3927 769 4003 (dissertat.
782 3928 955 4000 iubeatque,
1010 3926 1086 3999 cipit.
1370 3920 1375 3931 '

158 4033 218 4089 sap.
230 4019 277 4087 aa,
290 4030 341 4075 art.
358 4022 404 4095 6).
1049 4020 1142 4094 Neque
1155 4020 1202 4078 illo
1215 4028 1318 4077 tanturn
1330 4019 1359 4075 io
1386 4018 1456 4075 libro
1482 4019 1518 4075 ita
1532 4033 1563 4077 se
1586 4019 1686 4078 sentire
1701 4018 1815 4092 prohte·

194 4112 301 4171 Certiae
318 4124 410 4174 autem
423 4116 502 4174 eade
517 4132 548 4175 re
568 4118 633 4176 terri
655 4129 747 4192 posset
764 4121 906 4194 judiciam,
931 4123 955 4180 si
1011 4123 1069 4184 tar,
1098 4116 1187 4173 sedin
1212 4116 1267 4171 alio
1288 4114 1368 4171 etiam
1390 4112 1417 4169 id
1437 4112 1508 4169 head
1533 4112 1648 4171 obscure
1664 4114 1704 4171 his
1722 4115 1814 4171 uerbis

159 4218 276 4265 exstaret
288 4208 361 4267 illius
378 4209 413 4267 de
431 4211 557 4282 paradiso
570 4212 693 4283 libellas,
706 4230 787 4287 quem
801 4232 817 4273 a
832 4232 863 4273 se
882 4232 960 4273 com·
1012 4208 1155 4266 renormat
1170 4226 1178 4263 t
1195 4205 1266 4263 Num
1288 4215 1312 4261 tt
1332 4220 1400 4261 ttnttt
1425 4206 1525 4260 enintst
1550 4208 1661 4278 torqueri
1685 4207 1816 4279 sauedque

160 4301 277 4372 positum
290 4302 460 4360 testificatur.
479 4304 520 4361 Ad
535 4321 597 4363 eum
608 4309 708 4380 quippe
721 4310 762 4367 sic
776 4325 825 4366 „03
838 4312 896 4382 {950
909 4312 961 4367 mi.
1013 4318 1090 4373 penes
1104 4302 1212 4371 luserat,
1229 4296 1285 4353 lieet
1297 4296 1392 4364 nudat,
1408 4294 1465 4352 licet
1486 4295 1571 4352 adhuc
1595 4300 1694 4355 exsules
1714 4300 1811 4367 carnis,

159 4393 218 4447 tit:
234 4391 321 4449 llalres
333 4395 412 4451 etiarn
430 4396 463 4452 de
487 4400 607 4469 paradiso
630 4418 648 4456 u
669 4402 742 4458 nobis
764 4403 888 4469 libellum,
910 4422 960 4478 qua
1013 4392 1129 4465 if⁰l⁰ill
1154 4391 1248 4445 Μή
1267 4388 1411 4461 &implum
1432 4388 1441 4453 l
1447 4386 1529 4457 ΜΘΗ),
1547 4387 1591 4443 tta.
1620 4387 1652 4443 ‘le
1667 4390 1812 4448 llttltt'm‘·

163 4488 341 4544 constituimus
361 4505 459 4545 ontnent
477 4493 590 4547 animam
608 4495 678 4566 apua
692 4497 788 4567 infero,
811 4503 962 4571 uquam·
1013 4487 1110 4553 earnis,
1139 4501 1197 4553 cap.
1216 4482 1269 4555 li).
1286 4484 1324 4539 lie
1338 4482 1461 4555 ipsismet
1483 4497 1564 4554 porra
1582 4483 1744 4556 martyribus
1758 4482 1817 4543 bae

159 4579 189 4634 t‘n
218 4578 285 4635 diern
316 4579 551 4655 bominiilertat.
579 4586 623 4642 tit.
648 4588 681 4643 aa
701 4588 786 4645 inem,
809 4603 885 4664 ,epm
904 4591 962 4667 55)⁸
975 4597 1003 4658 1)
1016 4581 1043 4636 in
1073 4579 1219 4649 Scorpiaco
1236 4578 1356 4635 scribere
1370 4592 1423 4633 non
1450 4576 1604 4635 dubitarit:
1630 4577 1741 4643 Quinam
1764 4579 1816 4643 isti,

165 4671 193 4728 hl
211 4683 276 4738 est,
299 4673 424 4744 generale
438 4683 467 4730 et
480 4675 601 4733 ultimam
625 4678 766 4749 iudicium,
788 4682 842 4740 Sed
860 4700 893 4741 εχ
922 4686 965 4743 qt,
1016 4671 1138 4729 Zebedaei
1153 4669 1208 4739 lilii,
1227 4679 1280 4726 tarn
1305 4670 1370 4726 beati
1390 4671 1505 4739 uictores,
1522 4671 1573 4725 nisi
1600 4671 1702 4742 proprie
1721 4681 1818 4744 ntartq-

126 4784 139 4797 ·
162 4762 227 4819 licet
247 4764 415 4835 paucissimis
428 4766 517 4824 verbis
531 4784 584 4824 non
597 4772 706 4828 ntiuima
721 4783 795 4831 certe
807 4778 893 4833 oritur
911 4779 964 4836 dii·
1016 4766 1078 4821 iti-⁹
1101 4762 1211 4821 ΠΜ)
1237 4765 1329 4820 ‘hilm
1353 4764 1488 4833 '’5⁶1⁰le
1513 4779 1620 4836 quarum
1645 4773 1668 4819 θ’
1701 4778 1816 4835 pttqnm,

163 4853 279 4912 staultas.
319 4856 385 4912 llam
411 4845 517 4915 tametsi
544 4860 696 4931 paradisum
723 4866 759 4920 ab
783 4866 877 4925 inieris
908 4867 966 4925 dis·
1018 4875 1105 4916 etium
1127 4873 1186 4914 tert>
1212 4872 1306 4929 ridi&
1323 4865 1468 4928 tibilim&
1480 4855 1604 4928 ‘tituli-⁹
1617 4855 1662 4910 ‘ill
1679 4864 1703 4909 ‘l
1716 4856 1818 4910 liltt'lm

164 4948 277 5005 tinxisse
309 4949 462 5017 dicereturp
491 4954 660 5023 apertissime
686 4955 862 5015 nibilominus
888 4960 969 5019 docet
1007 4953 1066 5009 sub
1079 4950 1157 5006 ulturi
1169 4959 1312 5021 utartqrunt
1333 4948 1426 5003 anianae
1440 4947 1570 5019 placidans
1588 4946 1765 5017 quieseunt,et
1787 4948 1820 5016 fi·

164 5054 272 5097 otonem
285 5042 402 5097 anintaut
414 5044 612 5115 tamjastarurn
625 5045 760 5113 videlicet,
772 5066 852 5122 quam
868 5052 966 5124 imppp.
1021 5045 1098 5101 dacia
1123 5046 1228 5100 ultionis
1254 5042 1404 5115 patientiam
1424 5050 1540 5115 pascunt,
1567 5049 1591 5095 et
1614 5040 1712 5097 indntte
1735 5039 1818 5106 stolis,

163 5132 265 5189 rum-itt
279 5133 353 5191 bisce
367 5135 461 5193 inieris
472 5137 508 5193 ad
522 5138 647 5195 ultionum
663 5155 749 5212 nsque
768 5142 899 5213 judicium
921 5160 968 5202 se.
1019 5136 1157 5209 candidam
1180 5136 1304 5193 claritatis
1322 5144 1459 5207 usurpant,
1473 5133 1588 5189 donaret
1608 5134 1654 5189 niii
1663 5136 1819 5190 consortium

166 5225 298 5295 questrsri
312 5234 340 5283 et
352 5229 496 5286 reseruari.
514 5230 567 5288 Sed
587 5229 649 5290 brec
663 5233 784 5304 pluribus
802 5234 968 5296 hauddubie
1018 5230 1124 5287 lllurunt
1144 5229 1236 5302 plorite
1247 5226 1371 5299 impleant
1391 5224 1497 5300 (latent,
1517 5225 1651 5297 Scorpios.
1677 5243 1735 5298 cup.
1760 5226 1818 5298 te).

164 5318 279 5374 obscura
300 5333 353 5375 trec
373 5321 511 5378 intellectu
537 5322 623 5381 lucilia
661 5323 831 5384 ridebuntur.
865 5327 967 5398 Quam·
1019 5324 1114 5381 llonne
1151 5322 1232 5395 igitur
1262 5318 1417 5377 Tertulliani
1436 5320 1528 5390 opinio
1560 5318 1609 5375 luit
1634 5335 1729 5377 enarres
1752 5334 1819 5391 qntt-

165 5401 260 5467 obrem
272 5410 336 5483 qaid
358 5412 544 5485 mellisque
561 5425 678 5487 restant,
692 5417 763 5474 itlius
786 5418 913 5491 operibus
933 5422 971 5478 tle
1020 5417 1149 5474 rutniihet
1175 5414 1341 5471 arortuorutn
1356 5412 1493 5468 hominurn
1513 5412 1626 5477 anituas,
1639 5426 1753 5484 corpore
1767 5426 1817 5468 sao

166 5502 209 5559 his
220 5506 358 5574 statuerit,
370 5506 584 5578 investigandam
598 5519 650 5567 est.
1020 5520 1125 5577 exutas,
1141 5507 1174 5563 ad
1190 5508 1312 5564 ultimum
1327 5520 1412 5577 usqne
1436 5504 1531 5576 judicii
1556 5506 1626 5562 diens
1642 5509 1773 5561 reseruari
1788 5509 1817 5561 in

174 5647 177 5653 ,
204 5597 235 5653 ln
248 5612 299 5654 suo
319 5606 408 5655 autem
435 5598 576 5656 dcenima
602 5600 672 5659 libro
689 5603 749 5660 baec
770 5620 804 5663 ex
824 5604 970 5678 Evangelio
1020 5604 1123 5670 inieris,
1140 5600 1262 5673 paradiso
1278 5599 1393 5656 Abrabae
1415 5599 1487 5664 siaa,
1507 5608 1535 5655 et
1556 5600 1606 5655 suh
1620 5598 1708 5663 altari,
1722 5600 1819 5670 quibos

170 5689 279 5747 tradidit
294 5707 301 5747 :
316 5690 390 5748 Dolet
405 5691 475 5763 apud
485 5692 581 5767 irtiertn
594 5695 690 5763 ‚anima
704 5697 849 5769 eujusdam,
872 5698 969 5754 latnosi
1020 5698 1083 5754 licet
1095 5696 1210 5751 dirersis
1224 5694 1381 5750 nominibus
1407 5690 1532 5751 euntdem
1558 5692 1645 5748 lacurn
1664 5692 1821 5765 designasse

169 5782 296 5841 uidelicet
316 5783 411 5850 diuitis,
426 5791 450 5837 et
472 5784 579 5854 punitur
598 5786 627 5840 iu
650 5786 767 5862 ptamnta,
797 5792 923 5849 cruciatur
941 5794 969 5848 t'n
1021 5788 1116 5862 procul
1130 5786 1212 5845 dubio
1236 5786 1360 5845 ridetur?

395 5876 629 5941 Tearomtnt.
646 5878 673 5943 l.
1481 5878 1707 5961 (Vinpt-neuf.)
