4084 6334
153 328 227 390 {225
758 318 861 381 LlBliR
878 320 925 381 DE
943 316 1180 381 rmdtrnnrta.
1733 316 1805 375 tuso

153 445 318 507 tamsedulo
331 444 475 519 expressis.
500 440 612 501 rnutun
622 439 684 501 dein
699 440 758 515 ipse
769 440 865 498 beatus
879 439 950 498 lllte·
963 440 1144 506 Atractatue,
1168 432 1325 493 nonnullam
1354 433 1520 508 mentionem
1546 432 1678 491 iactumm
1704 433 1799 493 luisse.

152 558 241 603 narnus
255 553 384 601 quomrum
397 540 475 613 buitta
489 538 548 595 libri
558 536 641 593 uerbis
658 545 682 593 et
695 535 786 608 fipuris
795 534 884 591 iisdem
892 534 950 601 uti,
1003 534 1082 593 Certe
1093 542 1184 592 autem
1197 532 1224 589 in
1238 530 1298 604 ipsu
1314 529 1384 606 libro
1395 530 1430 587 de
1443 528 1583 602 baptismo
1598 528 1633 585 ad
1644 528 1726 586 linem
1740 544 1802 603 cap.
1835 545 1838 552 ·

152 648 177 696 et
188 637 300 711 quisquis
314 634 402 708 seems,
417 634 471 707 ejus
482 630 586 689 indubie
599 646 653 687 aare
664 628 764 695 seculi,
773 637 796 683 et
809 625 950 683 Tertullin-
1002 628 1038 686 {5
1048 627 1165 685 lectores
1188 639 1253 683 suos
1273 623 1307 680 ad
1328 623 1411 681 aliurn
1424 623 1458 680 de
1471 622 1566 679 eodem
1579 621 1803 695 tractatum,jam

152 732 179 788 ni
190 727 421 796 studiosissimum
437 725 532 799 quidni
553 739 618 783 vero
631 723 826 781 Tertullianum
839 721 926 795 ipsum
939 720 951 777 i
1002 730 1082 779 atttea
1094 734 1176 793 grem
1186 733 1301 775 sumone
1312 727 1462 784 exaratum,
1477 716 1592 773 solerter
1604 716 1726 773 remittit.
1736 714 1804 785 Quis

152 822 297 893 Quiseuim
307 820 376 878 alius
387 819 486 893 stylum
496 818 648 892 ejus,eerte
658 815 832 889 singularem,
841 824 869 874 et
877 814 951 871 rixa
1002 831 1068 889 orgo
1080 817 1151 873 ntale
1164 815 1270 873 videtur
1281 813 1397 886 opinari,
1410 814 1433 871 si
1445 814 1585 871 materiam
1602 812 1674 869 ltanc
1686 813 1721 870 de
1734 812 1800 870 Poe·

151 919 277 991 quopiam
291 914 466 987 imitabilem,
484 924 537 971 tant
550 912 618 971 scite
631 910 814 984 expresserit,
835 916 866 965 ut
879 907 950 980 apud
1003 910 1127 978 nitentia,
1140 923 1221 982 quam
1230 905 1265 963 ad
1279 906 1381 965 calcem
1394 903 1504 982 libride
1513 905 1593 977 Bapt.
1606 904 1727 962 nonnihil
1738 904 1802 961 bre-

150 1011 180 1071 S.
200 1012 437 1079 catanancen.
459 1006 494 1067 tr
509 1006 690 1079 scriptorem,
714 1016 862 1077 omnesque
884 1002 951 1059 alios
1002 1002 1063 1059 rius
1077 1000 1282 1074 perstrinxerat,
1297 1014 1368 1057 noro
1380 997 1512 1066 consilio,
1528 1008 1557 1055 et
1579 997 1606 1055 in
1621 997 1749 1071 peculiari
1762 997 1798 1056 li-

150 1122 199 1180 per
213 1105 353 1181 plusquam
379 1102 504 1161 undecim
529 1100 629 1160 sucula
642 1100 676 1157 ad
697 1098 839 1158 Erasmum
854 1110 950 1169 usque,
1002 1094 1054 1153 bro
1074 1094 1235 1167 ampliorem
1244 1092 1311 1166 {ejus
1332 1092 1518 1149 tractationem
1538 1100 1633 1165 postea
1649 1090 1803 1163 suscepisse

151 1216 201 1274 pro
211 1201 270 1273 ipso
280 1198 446 1257 Tertulliano
455 1196 589 1265 ieiellerit,
601 1203 630 1253 ct
639 1194 703 1253 nulli
714 1208 832 1267 unquam
845 1208 879 1251 er
889 1192 952 1265 styli
1003 1189 1128 1255 dicatur,
1142 1197 1171 1246 et
1190 1186 1299 1261 quidem
1318 1186 1415 1259 partim
1427 1186 1455 1242 in
1468 1184 1725 1243 catechumenomm
1737 1198 1800 1257 gra·

151 1295 308 1353 diversitate
321 1292 458 1367 quidpiam
471 1292 506 1349 de
526 1290 580 1347 alio
591 1289 653 1348 libri
667 1288 746 1361 buius
758 1296 869 1347 auctore
886 1287 952 1343 sub·
1007 1282 1085 1351 tiam,
1098 1289 1129 1340 nt
1143 1282 1171 1339 iri
1189 1295 1224 1340 eo
1236 1280 1368 1355 majorem
1382 1278 1416 1337 de
1429 1277 1556 1351 baptismi
1580 1279 1666 1352 pretio
1680 1279 1800 1336 testima-

150 1386 268 1443 olneritl
286 1384 407 1443 'landem
427 1399 493 1457 ergo
513 1398 548 1440 ox
569 1381 615 1440 illa
628 1380 817 1455 qualicumque
842 1377 952 1436 demum
1004 1380 1105 1435 tionem
1120 1377 1312 1451 corrciperent,
1328 1390 1408 1448 quem
1422 1373 1605 1447 intelligerent
1618 1383 1672 1429 tant
1684 1371 1802 1430 laborio-

150 1478 214 1552 styii
232 1477 413 1537 discordantia
435 1478 495 1549 plus
514 1475 589 1549 argui
610 1490 665 1535 uon
686 1487 767 1547 posse
789 1486 952 1541 censemus,
1003 1468 1218 1543 sispmnitentiae
1231 1466 1584 1541 operibuscomparandum
1597 1467 1683 1524 esse?
1701 1466 1802 1537 Quidni

150 1586 231 1645 qaam
239 1571 446 1639 Tertullianum,
457 1584 520 1628 cttm
531 1566 620 1627 adbuc
634 1566 765 1641 vegetiori
778 1575 851 1625 essct
872 1574 952 1625 atate
1003 1576 1069 1635 ergo
1083 1562 1111 1618 in
1126 1561 1170 1619 bis
1181 1577 1212 1621 se
1226 1577 1260 1619 eo
1271 1560 1420 1619 ardentiori
1444 1560 1572 1634 deinceps
1586 1560 1677 1617 studio
1691 1573 1803 1617 exerce·
1847 1608 1853 1613 .

150 1665 331 1738 vivaciorique
345 1662 469 1737 ingenio,
486 1662 556 1739 banc
579 1660 754 1733 scriptionem
779 1659 947 1730 suscepisse.
1003 1668 1075 1728 rent,
1093 1668 1122 1717 ut
1132 1667 1187 1715 tarn
1202 1658 1312 1732 largiter
1325 1657 1494 1732 propositum
1505 1656 1635 1729 baptismi
1650 1656 1802 1727 praemium,

151 1755 246 1815 Solent
259 1755 331 1815 enim
346 1754 452 1829 ingenia
465 1751 599 1826 eiusmodi
619 1737 721 1810 fervida
734 1765 767 1808 ao
781 1750 879 1823 agilia,
891 1750 950 1807 ins-
1003 1751 1116 1825 ejusque
1127 1753 1262 1826 gratiam,
1283 1766 1317 1809 eo
1332 1751 1433 1809 certius
1452 1757 1698 1823 consequerentur,
1715 1762 1802 1821 eoque

151 1858 194 1907 tar
204 1864 283 1922 apum
297 1864 346 1922 per
360 1848 452 1906 varios
465 1846 547 1904 liores
560 1844 796 1915 circumvolitare,
811 1851 893 1917 atque
916 1859 952 1902 er
965 1816 990 1879 Β
1004 1848 1088 1905 tatius
1098 1847 1228 1921 deinceps
1239 1845 1452 1905 conservarentl

151 1942 336 2001 alienisetiam
346 1941 429 2001 rebus
439 1939 581 2015 allegorias
590 1949 618 1998 et
628 1937 801 2012 metaphoras
809 1953 950 2012 exsugere,
997 1944 1000 1949 '
1042 1942 1164 2013 lienique
1193 1955 1258 2001 vero
1281 1941 1441 2014 praeclarum
1461 1937 1496 1996 de
1514 1940 1567 1997 noc
1587 1937 1658 1997 libro
1668 1937 1802 2011 judicium

151 2052 284 2110 suumque
295 2037 323 2095 in
336 2035 500 2095 alveareeas
514 2044 695 2107 comportare.
709 2031 786 2091 Solet
795 2033 859 2091 item
873 2040 953 2089 aetate
1003 2035 1167 2095 audiendum
1182 2045 1236 2106 est,
1249 2036 1320 2109 quod
1335 2035 1394 2107 ipse
1406 2034 1506 2092 Beatus
1519 2032 1675 2103 Rhenanus,
1690 2034 1732 2091 vir
1741 2049 1802 2091 ma.

152 2130 254 2187 sensim
268 2127 429 2200 provectiori
449 2125 590 2183 subsidere
604 2126 699 2193 sliltlS,
716 2122 946 2197 temperatiorque
1002 2130 1049 2205 gni
1057 2128 1174 2202 judicii,
1196 2130 1224 2186 in
1237 2129 1379 2202 praemisso
1397 2128 1432 2185 ad
1452 2127 1576 2186 eumdem
1590 2137 1749 2199 argumento
1761 2136 1805 2184 tu.

152 2228 180 2281 ct
192 2218 328 2279 robustior
342 2218 411 2277 lieri.
437 2217 472 2277 lit
484 2216 600 2289 denique
614 2214 685 2273 baud
697 2215 776 2273 iacile
787 2214 949 2289 scriptorem
1005 2220 1048 2289 lit,
1064 2236 1163 2295 nempe
1177 2222 1388 2278 nnnvmentnrinnr
1402 2223 1470 2276 banc
1480 2236 1535 2277 esne
1544 2221 1681 2290 ejusmodi,
1694 2230 1722 2275 ut
1732 2222 1805 2278 rnen·

152 2312 293 2387 quisquam
310 2310 449 2387 reperiet,
463 2310 508 2383 qui
524 2315 654 2383 perpetuo
674 2307 727 2366 sibi
740 2316 848 2366 cunslel
860 2350 868 2378 ,
881 2322 952 2382 prae·
1005 2313 1059 2389 topi
1078 2330 1137 2371 mm
1155 2312 1307 2371 debeantur
1316 2314 1563 2387 inguinarium,-
1578 2329 1639 2369 nnm
1656 2314 1804 2387 amenum,

152 2407 245 2464 sertim
267 2406 290 2464 si
314 2421 375 2483 uon
389 2420 444 2462 uno
462 2403 590 2461 continuo
602 2417 685 2475 opere
696 2401 878 2475 protraxerit,
899 2400 950 2459 sed
1003 2408 1108 2481 pergit,
1126 2416 1319 2465 assummum
1340 2414 1378 2464 m
1396 2405 1574 2479 annaneane„
1588 2414 1641 2462 nam
1658 2406 1804 2463 acuendo·

152 2513 201 2571 per
214 2498 320 2569 varias,
333 2512 420 2572 neque
434 2496 603 2556 cobnrentes
617 2496 762 2564 materias,
785 2494 869 2551 variis
882 2502 950 2552 unt·
1004 2510 1043 2557 cnr
1055 2541 1063 2568 ‚
1077 2511 1130 2557 anm
1143 2500 1184 2573 pin
1194 2502 1304 2571 aaran,
1320 2510 1373 2558 ram
1391 2501 1516 2557 {manner
1528 2509 1601 2574 unqu
1611 2517 1664 2557 rem
1680 2500 1801 2557 antara.

151 2590 426 2665 poribus‚aunisque
438 2590 503 2661 ipsis
519 2588 714 2662 interpolatas,
739 2586 951 2644 circumduxerit
1003 2591 1075 2649 sticte
1083 2592 1226 2664 disciplinae
1236 2609 1399 2665 summopore
1408 2592 1597 2661 successorium,
1619 2588 1804 2650 Extuomne.

151 2682 295 2743 calamum.
318 2682 446 2741 listenim
467 2680 590 2755 quedam
613 2688 709 2754 suapte
736 2690 834 2738 natura
850 2678 952 2737 tristior
1003 2698 1065 2754 sm,
1078 2686 1126 2743 boc
1139 2696 1195 2757 est,
1208 2696 1295 2744 ouum
1314 2686 1527 2744 drinnacium
1542 2686 1706 2757 penitentie.
1722 2685 1804 2745 Certo

151 2786 198 2833 ²¹¹¹
218 2774 366 2847 humilfflr,
382 2784 464 2848 atque
489 2788 603 2833 slidesa
625 2774 722 2847 misit,
745 2788 805 2847 ‘1¹1ae
822 2772 952 2845 iuvenilis
1002 2790 1093 2838 autem
1103 2791 1133 2838 ut
1142 2781 1290 2854 passimex
1299 2780 1465 2839 Tertulliano
1475 2780 1709 2838 veterislioolesia
1722 2778 1806 2836 tradi-

86 2929 98 2953 ⁸
152 2882 260 2943 quoque
282 2869 382 2942 ingenii
404 2870 524 2942 vigorem
548 2868 613 2925 satis
627 2866 847 2942 retundatatque
861 2866 952 2940 depri·
1002 2870 1091 2930 tiones
1105 2879 1133 2930 et
1144 2872 1312 2947 disciplinam
1325 2872 1499 2939 addiscimus,
1510 2872 1546 2927 ita
1554 2872 1635 2929 etiam
1643 2871 1697 2939 laio,
1706 2871 1807 2945 insigni

152 2969 228 3030 nnat,
241 2972 269 3019 et
280 2960 405 3034 adquam
417 2958 573 3019 succulenta
587 2961 754 3039 caeteroquin
763 2959 881 3018 viromm
894 2958 952 3017 elo·
1001 2972 1098 3023 contra
1119 2974 1265 3025 novatores
1276 2959 1386 3024 nostros
1399 2965 1536 3035 utilitate,
1558 2964 1669 3021 modum
1692 2964 1805 3037 agendas

151 3054 342 3127 quentiarelut
350 3062 562 3113 exarescatrest
571 3062 662 3113 antem
670 3053 722 3111 alia
733 3068 827 3111 rursus
837 3054 950 3111 materia
1001 3058 1416 3133 poeniteutiae,proutetprimis
1428 3056 1647 3116 morsaouliset
1661 3058 1804 3129 utiqueex

152 3237 369 3309 commodatior,
384 3250 444 3311 quac
458 3235 611 3311 languidius
631 3238 797 3311 cutemquin
810 3236 949 3311 ingenium
1002 3244 1091 3317 quque
1103 3244 1243 3303 dommus,
1624 3241 1710 3301 ιω,

148 3329 216 3387 satis
233 3329 352 3388 excitare
374 3342 408 3387 ao
428 3328 568 3387 stimulare
591 3338 694 3403 queat:
708 3339 751 3388 est
778 3329 895 3403 denique
911 3328 949 3386 ita
1276 3334 1533 3396 inmunemque,

148 3423 229 3480 vivas
249 3436 282 3481 ac
294 3422 432 3480 radiosum
446 3420 582 3495 quidpiam
604 3421 777 3493 diffundens,
792 3437 854 3495 quae
877 3422 949 3479 scri·
1040 3425 1172 3503 Prinnpio
1183 3430 1323 3502 generunt
1335 3429 1367 3485 de
1379 3428 1526 3503 punitentia
1537 3437 1675 3500 petroctot
1689 3426 1759 3503 (cup.
1775 3428 1805 3501 l)

149 3516 258 3575 bootem
273 3516 381 3591 penitus
405 3516 551 3575 incendere
570 3530 603 3576 ac
617 3516 806 3585 iollammare,
828 3532 908 3589 quent
921 3524 951 3575 et
1001 3537 1107 3593 consque
1131 3522 1300 3579 murmurium
1316 3521 1427 3579 adstruit
1447 3537 1495 3595 pro
1507 3520 1624 3578 omnibus
1645 3521 1755 3594 peccetis
1779 3532 1805 3577 et

149 3625 183 3667 ex
197 3616 337 3669 senectute
350 3607 461 3682 iamiam
477 3609 606 3668 cinericia
624 3609 671 3667 diu
694 3608 852 3683 consopitos
878 3608 948 3681 igni·
1001 3611 1112 3681 delictis,
1122 3630 1170 3670 seu
1180 3630 1269 3682 cerne,
1285 3630 1331 3670 seu
1341 3613 1445 3686 spirits,
1459 3629 1505 3671 seu
1517 3618 1598 3687 porto,
1620 3629 1665 3670 reu
1675 3613 1805 3684 autumate

150 3703 226 3760 cttlos
240 3702 400 3776 quandoque
420 3704 552 3761 suscitare
568 3700 668 3761 ualeat.
680 3702 749 3762 Sunt
772 3702 872 3761 deinde
896 3702 949 3761 alia
1000 3707 1142 3763 comndssis
1156 3707 1227 3780 (cop.
1243 3706 1284 3782 l).
1299 3706 1366 3763 dnn
1384 3706 1436 3762 duo
1448 3706 1582 3779 distinguit
1592 3706 1745 3778 ponitentiae
1756 3721 1803 3779 qe-

149 3808 275 3867 quoque,
291 3794 419 3852 scribenti
439 3794 566 3865 aliunde,
591 3809 623 3851 ao
638 3794 713 3853 velut
726 3810 775 3867 per
785 3794 946 3868 obliquum,
1000 3815 1072 3855 nero.
1087 3797 1165 3856 Prior
1177 3808 1232 3871 est,
1252 3814 1310 3872 quc
1331 3799 1456 3872 bombum
1478 3797 1551 3855 debet
1571 3798 1804 3871 mondttiacrte·

150 3889 337 3959 advenientia,
350 3899 413 3963 quae
423 3897 512 3949 tamen
525 3889 560 3946 ad
573 3888 632 3964 cjps
642 3888 794 3963 ingenium,
810 3898 840 3946 ut
855 3890 890 3947 ita
905 3888 948 3946 di·
999 3891 1267 3964 memoriamque
1278 3891 1363 3965 agitur
1380 3890 1602 3965 untcbnptismunt
1616 3890 1685 3963 (cop.
1699 3888 1727 3963 6)
1737 3905 1745 3957 ;
1757 3907 1805 3962 ρο-

150 4002 228 4058 cam,
250 3988 419 4045 alterandum
434 3986 596 4061 quandoque
613 3985 726 4044 multum
740 3993 863 4059 possunt.
879 3984 949 4055 Quid
999 3985 1091 4041 sterion
1100 3986 1280 4058 eorumquiin
1291 3996 1396 4057 peccato
1406 3986 1495 4059 gronio
1504 3986 1721 4057 pmtboptisnmm
1733 3986 1804 4057 inge·
1880 4001 1884 4005 “

150 4082 250 4138 mirum
263 4081 353 4155 igitur,
368 4082 391 4138 si
403 4096 491 4153 neque
503 4080 684 4139 Tertullianus
697 4078 876 4155 undequaque
896 4078 949 4138 sibi
999 4076 1083 4139 listron
1105 4077 1182 4150 tapsi,
1195 4094 1228 4134 ce
1247 4078 1432 4151 immergunt
1456 4093 1563 4149 annoso
1588 4078 1745 4151 penitentie.
1768 4076 1804 4133 ln

124 4220 125 4223 ,
151 4184 265 4245 constet,
279 4176 338 4243 sed,
352 4176 558 4249 comprimitur,
573 4176 839 4248 licetjamadultiori
855 4182 946 4245 atate,
999 4170 1080 4242 priori
1103 4180 1175 4242 porte
1197 4172 1370 4227 necmitotnu
1390 4186 1446 4227 sese
1470 4170 1689 4243 probandiurgeq
1703 4179 1726 4226 et
1748 4186 1803 4227 sete

152 4284 181 4327 se
194 4269 228 4326 ad
241 4268 414 4328 scribendum
439 4270 571 4340 contulit,
592 4268 716 4327 nonniltil
735 4268 862 4326 alacriori
877 4269 948 4341 stylo
999 4265 1164 4336 properandi
1175 4265 1210 4319 od
1221 4265 1339 4336 baptismi
1350 4265 1526 4338 prmtnnrnna
1536 4265 1693 4337 punientia.
1702 4263 1804 4336 liuptt'n·

150 4376 214 4419 usus
226 4362 324 4430 luerit,
347 4362 475 4435 deinceps
489 4362 546 4418 aliis
560 4361 586 4418 in
600 4361 659 4433 ejus
683 4361 812 4434 operibus
825 4358 949 4418 ttonnilril
999 4371 1070 4411 ntum
1087 4358 1189 4413 inanem
1208 4374 1264 4414 csse
1287 4374 1338 4413 non
1358 4369 1457 4421 unctu,
1476 4374 1598 4428 moerere,
1611 4375 1670 4415 cunt
1689 4360 1802 4431 aliquem

149 4454 235 4527 magis
248 4452 414 4521 subsidente,
425 4453 573 4526 tnajorique
586 4452 748 4511 cruditionis
758 4460 889 4527 apparatu
902 4466 949 4509 or·
998 4459 1158 4522 pecatorum
1173 4466 1278 4507 suorum
1299 4466 1350 4506 non
1373 4450 1499 4522 punirent,
1513 4466 1559 4507 nse
1572 4452 1625 4507 uita
1646 4450 1800 4520 mundarit,

150 4557 241 4604 natum
255 4547 327 4603 velut
338 4558 524 4619 compensare.
958 4554 987 4617 1)
999 4552 1024 4599 ct
1042 4558 1136 4599 mnam
1145 4558 1200 4599 esse
1210 4541 1343 4615 fidenam,
1356 4541 1405 4599 sibi
1417 4542 1524 4616 fingas,
1537 4542 1661 4611 suntquis
1674 4558 1752 4613 moue
1764 4541 1800 4597 od

163 4638 215 4698 *st
234 4642 290 4712 jam
312 4654 379 4699 vcro
393 4649 500 4713 tempus
515 4642 603 4714 ipsum
616 4680 623 4709 ,
639 4653 693 4714 quo
707 4638 781 4697 bunc
802 4644 947 4697 tractatum
999 4637 1119 4710 bnptbmi
1128 4635 1284 4709 mquedinn
1295 4635 1396 4703 aurit,
1410 4652 1467 4691 eunt
1478 4646 1581 4706 repmte
1593 4636 1621 4690 in
1639 4636 1723 4691 uirum
1735 4650 1800 4691 mn-

150 4736 314 4806 esararerit,
328 4736 410 4809 paulo
422 4736 600 4809 propinquius
615 4736 790 4811 (quamquam
814 4736 949 4809 idprreci·
998 4739 1068 4786 ctum
1081 4744 1224 4796 mrim·
1238 4738 1263 4785 01
1282 4745 1300 4785 α
1320 4736 1422 4815 litim
1445 4726 1596 4794 deditium·
1621 4726 1663 4782 nbi
1686 4727 1800 4800 nmmum

77 4886 88 4895 ,
151 4840 181 4886 se
192 4826 251 4885 lieri
265 4830 393 4903 nequeat)
406 4829 601 4903 designandum
617 4832 670 4899 slt,
693 4832 730 4887 ita
742 4831 860 4903 opinor,
879 4830 948 4887 lianc
998 4821 1065 4878 ΗΜ
1078 4818 1492 4893 sacramentamroemrillwr·
1507 4818 1557 4891 6)·
1571 4817 1706 4875 Troctnttu
1722 4820 1800 4892 buitta

151 4922 336 4979 tractationem
352 4930 426 4979 certo
440 4930 503 4979 ante
517 4937 617 4979 annum
631 4922 732 4979 Cltristi
745 4920 789 4980 CC
814 4930 842 4979 et
854 4922 949 4979 verisi-
1000 4933 1061 4989 pora
1074 4918 1198 4990 metemur
1217 4926 1255 4974 est
1266 4916 1300 4973 de
1315 4914 1460 4989 penitendo
1484 4922 1541 4983 post
1554 4914 1718 4987 inmunem,
1742 4928 1799 4985 quae

150 5013 250 5073 militer
263 5029 334 5072 anuo
347 5013 463 5073 crevit
484 5024 531 5071 aut
543 5014 658 5073 sortasse
681 5015 811 5073 maturius
824 5057 833 5084 ,
849 5014 948 5072 litteris
999 5007 1194 5083 &nemobonus
1206 5008 1310 5066 dicitur.
1325 5005 1443 5063 reunn
1457 5003 1468 5076 (
1479 5020 1537 5078 cop.
1549 5004 1566 5059 7
1577 5006 1588 5076 )
1609 5005 1679 5061 illico
1692 5020 1719 5061 sc
1731 5021 1800 5079 segre

150 5106 333 5179 consignatam
343 5106 442 5179 luisse,
457 5120 529 5167 certe
542 5116 631 5166 autem
644 5118 671 5165 et
684 5106 780 5180 buius,
794 5118 821 5166 et
835 5106 948 5165 alterius
999 5103 1032 5159 de
1048 5103 1097 5159 boe
1110 5102 1248 5175 nomnium
1261 5096 1509 5173 poenitentinloqui,
1523 5113 1581 5172 que
1599 5106 1727 5170 postrenum
1740 5113 1799 5171 spes

150 5194 185 5257 de
204 5198 343 5271 unpttsno
362 5201 475 5273 scripti,
493 5210 598 5275 tempus
619 5201 690 5259 battd
716 5202 810 5275 procul
832 5200 947 5257 invicem
998 5206 1038 5254 ert
1050 5196 1083 5252 iis
1095 5195 1205 5267 reliquo,
1217 5194 1261 5265 qui
1283 5190 1523 5260 emulationis.
1548 5190 1657 5262 mcertis
1670 5190 1799 5247 atrocibus

152 5294 264 5352 distare.
280 5296 321 5353 An
341 5296 516 5354 rerolibrum
536 5296 720 5371 deBaptisruo
735 5294 946 5353 huicdePoeni·
1000 5298 1057 5361 post
1077 5288 1231 5359 septimum
1252 5299 1279 5341 se
1301 5283 1499 5365 obunncsrunt,
1527 5298 1568 5350 no,
1589 5283 1682 5355 inquit,
1696 5282 1729 5337 de
1749 5282 1798 5340 bac

150 5386 233 5443 tentia
246 5403 298 5453 ,an
310 5389 382 5445 ltunc
396 5386 453 5455 illi,
467 5386 601 5446 scribendi
616 5388 712 5446 ordine
727 5430 735 5455 ,
758 5386 946 5459 subjunxerit,
999 5398 1066 5439 nouo
1077 5396 1095 5436 u
1107 5379 1218 5453 pemeria
1228 5376 1382 5449 easurgmdi
1394 5376 1492 5432 ratione
1503 5376 1641 5449 agendmm
1659 5374 1714 5431 Deo
1726 5377 1799 5431 nobs

149 5475 194 5533 vir
208 5477 353 5551 quidquam
365 5478 539 5537 determinari
554 5489 652 5550 potest.
665 5478 845 5539 verisimilius
856 5488 947 5537 umen
999 5474 1096 5542 oblato,
1110 5472 1144 5527 ds
1160 5485 1225 5539 noso
1245 5470 1366 5541 prunum
1379 5469 1446 5523 omns
1460 5470 1561 5539 opuire
1581 5467 1707 5523 uidemur.
1721 5466 1800 5525 iltius

149 5567 215 5625 mibi
227 5569 335 5642 quidem
348 5569 472 5641 ridetur,
487 5569 674 5643 subjunxisse;
701 5574 809 5631 sienim
821 5572 892 5629 hunc
913 5570 948 5631 de
1000 5574 1088 5639 imm
1102 5561 1254 5635 imiimi&
1276 5559 1385 5631 illimi
1396 5558 1589 5633 f5iim⁰¹⁰i⁰³f⁸
1601 5560 1677 5615 ΜΨ
1693 5576 1801 5631 ⁰iii⁰⁸a

151 5656 309 5718 Poenitentia
323 5662 507 5734 [immisisset.
521 5663 614 5731 credo,
628 5664 654 5721 in
669 5678 728 5736 cap.
743 5664 791 5723 ult.
805 5664 838 5723 de
848 5664 950 5738 Baptis-
1000 5655 1115 5727 depingit
1125 5652 1243 5709 mauritio
1253 5648 1324 5723 (cop.
1336 5649 1376 5725 9),
1389 5650 1445 5722 ejus
1457 5653 1628 5707 necmitntent
1642 5653 1800 5709 detrtsnrtrnt

150 5766 206 5817 mo.
221 5753 265 5809 ubi
276 5756 309 5811 de
324 5754 492 5825 poenitentia,
509 5754 640 5829 baptismo
650 5758 735 5815 instar
747 5773 803 5830 prou
818 5758 949 5815 oratiottis
1000 5750 1070 5822 (cup.
1086 5749 1117 5804 Η
1132 5744 1143 5818 )
1167 5762 1199 5799 ⁰⁶
1211 5745 1314 5800 labiim
1333 5760 1376 5799 ⁶⁰⁸
1394 5743 1523 5815 ⁰⁶i‘iii‘1b
1536 5760 1597 5815 ‘11⁴⁰‘
1611 5760 1667 5801 Mil
1680 5747 1801 5815 istriis&

160 5843 346 5919 ptmttrittenda
358 5887 366 5912 ,
380 5849 452 5920 aglt,
469 5845 565 5919 ltttjus,
587 5864 635 5907 ceu
647 5850 702 5927 jam
715 5852 777 5913 olibi
787 5852 873 5911 lusius
885 5867 949 5927 per·
1001 5841 1112 5917 sedili!
1125 5838 1273 5901 “filistiim
1284 5846 1342 5913 iiii
1357 5836 1511 5908 i‘biblum‘
1521 5837 1640 5895 “induit
1655 5840 1724 5914 (cup.
1739 5842 1801 5917 ld).

274 5939 496 6007 rnnrnnnn
518 5942 545 6003 l.
1410 5930 1655 6014 (ruente-nnis.)
