4084 6334
158 300 213 383 par

731 293 957 360 ntssuuulsto
976 294 1012 357 u.
1030 291 1076 357 LE
1093 294 1266 359 dudunt:

1759 304 1816 365 ffl

162 419 256 495 pure,
266 432 347 493 quan
357 419 386 495 iel
397 416 440 479 rel
451 418 551 479 indmre
564 417 645 480 sortis
652 417 798 480 insuam
809 426 963 491 momptum
974 420 1003 485 Α
1015 428 1039 473 er
1053 435 1111 491 rep.
1125 418 1159 475 il
1173 418 1193 493 i.
1226 418 1304 489 eunt
1327 417 1435 492 quidem
1454 418 1489 478 ab
1515 433 1548 477 eo
1573 420 1718 495 repetitum
1734 461 1742 489 ,
1756 432 1813 479 eta

162 514 295 587 facileque
305 514 367 571 luit.

197 606 298 671 nunu
311 606 376 681 illul
388 606 479 670 adure
492 606 655 673 anctoritate
667 604 843 666 condensatur
866 603 959 661 Plate-

160 700 214 767 nis,
230 699 335 766 illorum
351 701 470 764 cranium
490 701 569 759 laede
591 699 731 771 principis,
741 698 799 771 qui,
815 698 887 758 riou
898 697 960 767 ipse

162 792 344 858 Tertullianus
360 804 496 855 memorat
514 809 617 865 uosque
636 793 708 852 uiue
730 793 814 855 sunuel
834 791 958 852 ammud-

160 890 305 960 vcrtirnns,
315 890 405 963 palam
418 889 555 961 prolossns
566 898 607 946 est
617 929 625 955 ,
636 888 808 958 {enumerent
832 885 957 949 arriserit*-

162 983 223 1040 totir
234 998 316 1055 neque
341 982 450 1047 trunci·
470 981 621 1055 facilene
643 982 776 1040 tacentum
793 980 910 1041 ertmrttrt'
929 981 958 1039 t'o

160 1091 249 1151 mucre
283 1074 411 1149 diffluum
433 1075 446 1146 l
458 1074 616 1133 terrerum.
653 1074 800 1146 ipnloqet„
823 1089 884 1143 ean.
910 1074 957 1141 ll,

160 1168 233 1225 Piae.
246 1168 313 1227 Tim.
326 1186 388 1242 paq.
399 1169 435 1227 ii
447 1170 466 1238 l.
479 1168 661 1237 Quamobrem
675 1176 823 1227 sectatores
834 1166 904 1237 eius,
916 1164 958 1225 uti

158 1262 213 1319 alio
226 1263 254 1319 iu
269 1262 339 1328 lilsro
351 1264 390 1319 ait
401 1264 502 1320 dunelm
515 1270 618 1330 nostm,
634 1261 719 1328 illurn,
733 1277 808 1334 ment
821 1276 874 1317 non
885 1260 944 1331 peni

159 1362 200 1407 tur
215 1354 388 1421 centemnunt,
406 1370 485 1426 neque
497 1369 573 1413 norro
588 1362 729 1425 potuerunt
742 1394 750 1420 ,
762 1368 844 1423 neque
858 1352 956 1417 timere,

158 1460 204 1502 noc
213 1444 274 1512 urle
282 1460 382 1517 sopme,
394 1445 566 1503 exorbitantes
577 1445 673 1501 scilicet
686 1445 717 1499 au
728 1444 803 1501 iut'tio
811 1442 955 1515 sapientire,

157 1535 185 1589 id
199 1544 249 1603 ert,
270 1545 340 1591 uretu
360 1536 388 1593 in
406 1534 489 1593 uean
508 1534 631 1607 (Tomi
653 1536 792 1609 Apparet„
808 1551 868 1607 paq.
891 1533 955 1602 utu

157 1627 293 1683 dierunt.
314 1630 342 1683 in
364 1627 460 1685 triaue
476 1629 579 1697 dnm,
592 1639 651 1701 cap.
670 1630 699 1694 l,
710 1640 761 1685 art.
773 1626 821 1703 il·
838 1627 957 1697 {initiunt

157 1735 223 1777 rere
236 1721 400 1779 nuntiantes
411 1722 485 1777 illum
502 1722 614 1785 incenit,
628 1731 656 1782 et
667 1721 739 1793 quel
748 1721 775 1778 in
791 1720 845 1777 un
859 1721 956 1792 queri·

1012 508 1124 567 llinutio
1155 510 1260 579 Felice,
1287 519 1317 567 nt
1342 512 1406 569 uiui
1430 512 1690 583 animadrentmns,
1724 523 1812 571 trans·

1010 606 1126 677 criptum
1151 615 1192 661 est
1216 605 1372 678 (unumne.
1400 607 1534 663 ialiinut.
1560 608 1663 675 lictae,
1688 624 1746 681 cop.
1771 608 1808 677 2,
1861 652 1863 657 .

1011 707 1061 754 ort.
1077 699 1095 756 li
1109 696 1130 771 ).
1144 697 1197 755 snt
1213 700 1284 771 quod
1294 700 1329 757 de
1339 700 1391 757 ime
1407 700 1453 757 liei
1466 700 1550 758 cedro
1564 701 1748 759 Tertullianus
1758 702 1808 759 do·

1010 798 1063 859 eet,
1075 790 1143 863 iarn,
1154 792 1176 849 si
1188 792 1288 864 placei,
1301 792 1445 865 diligenter
1456 794 1649 866 expendemus.

1309 923 1422 985 CAPUT
1444 926 1510 982 illl.

1254 1070 1294 1129 Dc
1307 1069 1401 1127 Clusini
1413 1070 1553 1130 eunden.

1274 1200 1420 1242 sentences
1434 1200 1541 1242 antuus.

949 1290 957 1301 ⁴
1009 1301 1049 1358 lie
1063 1304 1140 1359 uariis
1154 1302 1218 1360 Filii
1231 1303 1279 1359 nn·
1292 1304 1445 1369 nominibus,
1461 1319 1491 1357 uc
1501 1318 1578 1373 quern
1596 1302 1735 1357 luculenter
1746 1302 1808 1357 Ter-

1046 1396 1169 1453 tullianus
1192 1398 1282 1453 decent
1308 1398 1360 1452 ueri
1386 1398 1527 1469 summique
1552 1396 1600 1451 Dei
1625 1396 1746 1451 uttrilnrtn
1771 1396 1812 1452 illi

1044 1489 1186 1557 conuenire,
1203 1506 1308 1560 eurrrque
1320 1504 1400 1544 unum
1419 1498 1443 1543 et
1463 1497 1585 1543 erterrrum
1600 1504 1658 1543 runc
1674 1487 1753 1543 Patre
1764 1504 1811 1543 sne

1045 1596 1099 1637 erre
1109 1580 1202 1639 Drnrn.

1041 1720 1113 1791 ,Quid
1123 1720 1158 1777 sit
1168 1718 1532 1801 lechum,llatio,Sermo,et
1541 1719 1628 1783 ultim
1639 1718 1730 1787 liciat
1742 1720 1804 1777 Ter·

158 1823 209 1881 tur,
221 1830 251 1870 re
263 1830 363 1885 quoque
376 1812 680 1887 nlaiantllertullinu.,
691 1812 738 1873 tlt.
748 1812 773 1871 ll
782 1813 818 1876 eei
832 1812 954 1883 darum,
970 1824 995 1885 Β
1010 1816 1137 1876 rullianus
1151 1815 1277 1882 aurnuns
1289 1814 1442 1887 patefaciat,
1454 1814 1560 1874 tronus
1571 1812 1660 1871 modis
1670 1822 1700 1877 et
1709 1814 1806 1881 licum,

158 1920 216 1979 cap.
230 1904 290 1978 ΞΓ.)
307 1906 395 1976 ipsum
423 1905 548 1963 uidelicet
570 1921 632 1967 esse
658 1921 760 1971 nuum,
783 1906 955 1977 omnipoten-
1008 1922 1036 1967 er
1049 1910 1166 1981 lcrbrua
1184 1910 1232 1969 lici
1244 1909 1344 1979 ,t'ttiun
1356 1908 1523 1966 considerari
1531 1922 1614 1978 posse
1623 1906 1711 1965 decet.
1722 1906 1809 1966 Ambo

159 2007 224 2067 tera,
239 1998 386 2066 inilicitum,
404 1998 497 2057 mundi
510 2007 673 2066 erectorem,
687 2008 716 2056 ct
741 2014 799 2069 quo
817 1999 883 2055 nilril
898 2014 957 2060 ma·
1007 2002 1079 2075 enim
1095 2002 1213 2074 spectari
1226 2008 1342 2075 pascuae
1354 2010 1500 2071 antequam
1518 2001 1575 2080 ipse
1594 1999 1664 2057 Deus
1677 1998 1808 2061 munuum

157 2089 201 2161 ius
230 2090 383 2161 meliusque
402 2092 547 2163 excogitari
579 2100 678 2163 potest.
700 2090 870 2163 Quapropter
894 2106 956 2150 euru
1007 2094 1049 2149 uel
1064 2100 1214 2149 creaturum
1231 2091 1311 2147 ullam
1327 2091 1489 2158 condiderit,
1506 2090 1549 2149 uel
1563 2090 1671 2163 qnando
1693 2090 1809 2151 ramulus

157 2181 244 2248 timet,
258 2191 285 2237 ct
299 2182 379 2255 longe
391 2182 477 2255 napis
490 2183 572 2255 sapit,
583 2198 663 2255 quani
673 2182 705 2237 ui
716 2183 825 2241 caeteris
838 2182 957 2255 plriloso-
1007 2187 1042 2241 au
1055 2199 1089 2241 eo
1103 2192 1209 2241 creatus
1219 2191 1271 2239 est.
1286 2183 1324 2239 De
1338 2190 1454 2254 nitroque
1467 2190 1556 2237 autem
1565 2190 1628 2237 ante
1642 2180 1808 2237 creationem

158 2276 219 2347 puis
230 2276 419 2347 sapientiores.
1008 2277 1100 2335 mundi
1124 2276 1176 2333 line
1199 2286 1324 2349 tanquam
1354 2275 1536 2331 certissimum
1560 2272 1719 2330 constituit:
1744 2273 1809 2327 duce

192 2366 314 2437 Denique
326 2383 382 2423 nou
394 2367 533 2424 minimum
547 2366 636 2427 adius
654 2382 685 2425 ca
700 2367 860 2428 Tertulliani
873 2367 955 2437 uerba
1008 2372 1095 2427 omniu
1113 2368 1183 2425 licus
1205 2378 1258 2425 crat
1277 2367 1358 2436 solur,
1371 2372 1427 2439 lpse
1444 2366 1492 2423 sili
1512 2367 1632 2436 nrnrnlnc,
1649 2375 1671 2423 rt
1689 2366 1770 2435 lucus,
1785 2376 1810 2425 et

158 2457 259 2515 habeut
276 2458 473 2527 difficultatem,
488 2460 587 2531 quibus
599 2460 672 2516 aliud
686 2461 909 2531 philosophorum
921 2462 957 2524 de
1008 2464 1104 2519 nrrrrrio.
1121 2462 1198 2519 Solus
1208 2468 1305 2529 eutem,
1318 2460 1379 2533 quie
1390 2460 1454 2515 nitet
1466 2460 1538 2515 uliud
1553 2462 1708 2516 extrinsecus
1718 2470 1810 2533 preter

158 2551 216 2607 lico
237 2553 329 2609 mucidi
352 2563 476 2609 creatore
495 2551 635 2609 dissidium
648 2553 772 2609 notarit:
787 2552 882 2612 Totum
894 2596 903 2622 ,
915 2556 957 2616 in·
1006 2558 1092 2613 illum.
1101 2555 1227 2611 Cuterrrm
1237 2570 1268 2609 ne
1281 2565 1339 2609 tunc
1351 2554 1453 2629 quidem
1466 2553 1555 2619 solur,·
1569 2552 1674 2607 leniebat
1688 2554 1755 2606 enim
1767 2568 1809 2607 re-

159 2647 228 2717 quit,
242 2645 290 2701 lroc
300 2646 389 2704 ermuli
398 2662 501 2718 corpus,
512 2647 564 2703 siue
572 2647 722 2705 inrrotttnret
733 2649 857 2721 insectetur
866 2664 959 2707 muu-
1008 2666 1076 2716 cum,
1088 2666 1164 2720 quum
1176 2648 1281 2705 leulelut
1294 2649 1320 2703 in
1329 2648 1474 2718 semetipso,
1485 2647 1611 2701 cntionem
1622 2662 1694 2701 snum
1702 2647 1807 2719 scilicet.

59 2724 65 2729 ’
152 2738 222 2793 ditm
236 2737 421 2811 Pqtlmqoront,
437 2740 590 2795 sicennam
601 2749 624 2795 et
636 2742 735 2811 metum
744 2740 883 2801 mcundcrtt
893 2740 958 2798 rra·
1009 2743 1279 2813 Rationalir,etretio
1293 2742 1388 2814 inipso
1409 2742 1490 2813 perine,
1503 2752 1526 2796 et
1537 2742 1573 2796 itu
1592 2740 1689 2813 abipso
1711 2742 1807 2797 omnia.

160 2840 243 2886 iidem
260 2832 268 2900 l
283 2828 432 2887 terentina.
444 2830 590 2902 Alvlddlln
601 2847 663 2902 wti-
677 2832 722 2898 Η,
736 2850 765 2903 Ρ·
776 2833 853 2904 352)-
868 2834 955 2902 Quem
1010 2838 1076 2907 Qum
1087 2838 1152 2893 ratio
1165 2852 1253 2893 sensus
1266 2836 1347 2909 ipsiius
1359 2843 1404 2891 est.
1423 2834 1497 2891 lione
1513 2834 1595 2893 Greci
1609 2840 1674 2909 tique
1696 2836 1785 2899 dicunt
1799 2879 1808 2907 ,

160 2924 232 2981 enim
242 2932 347 2981 eertum
356 2934 398 2980 est
409 2924 481 2984 nanc
490 2924 525 2989 tle
536 2925 638 2986 mundo
646 2934 740 2983 cronio
751 2927 844 2996 luisse,
856 2938 886 2987 ut
894 2928 958 2989 aliut
1008 2950 1060 3005 qno
1072 2933 1193 2989 uoculnlo
1208 2932 1284 2987 etium
1296 2946 1436 2986 cnutonem
1449 2928 1618 2999 appellantur.
1632 2928 1746 3001 ideoque
1751 2932 1810 3001 jane

160 3018 339 3085 ostendimus,
355 3017 476 3083 Platonis
486 3018 653 3087 ommonem,
664 3029 722 3081 tatu
734 3019 833 3082 laisum
850 3021 957 3084 videtur
1008 3026 1037 3081 in
1053 3042 1102 3081 nan
1120 3036 1156 3079 est
1175 3033 1319 3079 nostrornm
1335 3039 1379 3093 per
1392 3018 1580 3095 simplicitatem
1594 3022 1810 3093 interpretationis

161 3111 340 3185 Pythagoram
373 3112 498 3176 docuisse
521 3112 594 3175 illurn
630 3113 750 3172 innatum
775 3126 807 3173 et
823 3115 954 3177 irrleetunr
1009 3132 1149 3171 sermionem
1168 3114 1251 3169 dicere
1264 3114 1290 3167 in
1312 3112 1452 3185 perterrito
1464 3112 1535 3183 opud
1546 3110 1629 3167 Drum
1649 3112 1736 3185 luisse,
1752 3130 1811 3175 eum

160 3204 254 3271 luisse.
267 3204 334 3262 uam
351 3204 450 3263 uitem
476 3203 678 3270 musonianus
691 3221 708 3259 o
722 3207 861 3266 uenando
871 3208 953 3271 adlis-
970 3216 993 3279 (1
1009 3210 1093 3282 nmqic
1106 3209 1231 3263 rationem
1246 3216 1370 3279 competet
1383 3206 1550 3277 uertiquiorent
1564 3204 1669 3269 lrulcri,·
1686 3208 1810 3276 quianon

161 3307 233 3353 tuate
250 3298 419 3369 prortumiurl
441 3314 538 3357 omnes
552 3300 586 3355 ed
606 3299 753 3370 Epicurum
768 3300 957 3373 philosophos,
1008 3302 1185 3367 rernronuliro
1203 3302 1338 3373 priuripio,
1361 3302 1405 3356 red
1415 3300 1548 3355 rutionelir
1563 3297 1635 3366 Deus
1654 3300 1730 3354 etiem
1751 3310 1810 3355 onte

161 3405 194 3452 ac
214 3391 371 3449 nominatim
396 3390 605 3465 ennagonus,
628 3402 784 3453 constanter
803 3395 958 3453 adseruissc
1009 3398 1182 3469 principium,
1201 3404 1223 3451 et
1237 3395 1297 3467 quin
1312 3396 1367 3467 ipre
1385 3408 1485 3465 quoque
1504 3409 1587 3448 rernm
1601 3393 1699 3449 ratione
1722 3394 1809 3448 conri-

162 3482 293 3539 mundum
304 3498 366 3544 esse
377 3483 477 3552 laecum
491 3495 520 3543 el
531 3485 673 3558 eremum(
686 3484 827 3543 Dimittat.
843 3489 873 3544 in
891 3487 958 3543 Luc·
1009 3498 1088 3557 rtem,
1099 3489 1208 3560 priorem
1223 3484 1505 3555 eum,utrnirtantium
1518 3500 1603 3553 rueret,
1617 3486 1744 3539 ostendat.
1760 3484 1810 3539 Tn-

164 3585 242 3640 rant„
252 3591 311 3646 cap.
326 3577 372 3644 ll,
383 3559 433 3633 urt'.
448 3575 497 3649 2).
518 3577 592 3647 ,Quin
604 3579 686 3635 etiam
702 3578 862 3637 Plutarchus
872 3579 959 3639 tiser-
1010 3598 1069 3637 men
1080 3594 1104 3637 et
1121 3582 1168 3644 sic,
1179 3580 1244 3635 nilril
1259 3580 1372 3635 intercal.
1388 3576 1459 3633 Nam
1473 3586 1497 3632 et
1510 3578 1532 3633 ri
1545 3576 1614 3633 Dran
1628 3577 1742 3633 nondum
1758 3594 1811 3632 rer-

166 3670 271 3727 tis'sinrc
293 3669 415 3727 declarat
435 3671 560 3731 mmmm
582 3671 667 3729 luisse
693 3671 853 3743 neumam
877 3665 960 3745 atque

163 3760 285 3818 Platonis
294 3776 328 3818 ea
340 3762 375 3821 de
385 3778 416 3820 re
427 3764 602 3823 seecundum.
618 3764 659 3825 En
677 3778 766 3836 greca
782 3765 841 3836 ujus
854 3766 958 3823 uerba:

163 3859 551 3931 uulqlpeulsslltw'pcumlu
558 3858 961 3933 r'rrlOroFriunlrpoou.Pulltthll·

163 3965 207 4005 rur
220 3959 242 4005 et
257 3949 334 4005 Pluto
345 3951 469 4010 mundun
478 3967 494 4006 n
503 3948 559 4006 Deo
572 3952 670 4021 swam
679 3952 799 4011 arbitrati
810 3963 870 4011 curu
880 3950 960 4025 (litu-

164 4050 240 4107 turc,
257 4040 302 4099 lio.
314 4041 336 4096 ll
359 4043 392 4099 rie
406 4040 493 4100 Pieri.
509 4042 650 4113 pltilorop.,
667 4059 727 4113 cop.
741 4043 770 4105 l,
786 4060 847 4115 paq.
870 4042 925 4100 886
937 4042 959 4118 ).

1009 3690 1110 3731 aconem
1119 3690 1195 3729 arrum
1205 3674 1318 3739 miserm,
1334 3672 1514 3744 munierum
1528 3671 1655 3744 cumipse
1670 3672 1733 3727 etin
1753 3671 1810 3742 ipro

1010 3769 1110 3825 ratione
1123 3769 1191 3823 inten
1209 3768 1370 3839 senretlprunr
1383 3765 1499 3834 louein,
1529 3766 1604 3821 tacite
1625 3765 1770 3837 coqitando,
1787 3773 1811 3820 et

1011 3862 1169 3935 duportcnrlo
1184 3878 1277 3929 entem,
1295 3876 1352 3932 quen
1363 3876 1408 3931 per
1418 3874 1559 3915 sernroncm
1576 3874 1637 3913 aros
1654 3868 1708 3913 ernt
1729 3857 1811 3913 dictu-

1011 3973 1066 4011 rus.
1078 3956 1142 4011 Cant
1166 3955 1266 4011 ratione
1285 3954 1352 4009 enim
1365 3968 1413 4009 ruo
1426 3952 1551 4024 conterre,
1567 3960 1643 4021 atque
1658 3951 1810 4021 disponens,

1011 4062 1150 4105 rcrnroaem
1179 4062 1236 4101 enne
1262 4044 1408 4117 efficiebar,
1432 4058 1509 4109 quom
1543 4058 1659 4097 rerumne
1685 4042 1810 4097 truetalmt

164 4131 233 4201 Quid
246 4132 489 4206 ergp‘lErrnritne
500 4132 592 4190 atluue
606 4133 799 4201 Tertullianus,
814 4151 847 4191 ue
859 4151 961 4193 nornen
1011 4140 1191 4215 (Tertullinus.
1217 4137 1260 4193 lii.
1290 4138 1350 4191 edu.
1379 4134 1473 4199 Pron..
1499 4150 1558 4205 cop.
1587 4134 1635 4207 5).
1672 4135 1734 4191 line
1756 4149 1807 4190 au·

165 4224 325 4299 Pl'lhililfae
349 4242 399 4297 1³1⁰
415 4225 471 4283 ²¹1⁰
484 4225 523 4282 ibi
538 4226 606 4297 illie,
621 4226 664 4283 Vel
678 4226 804 4285 littorius
818 4228 961 4300 scripsisse
1012 4242 1079 4302 tem,
1093 4234 1148 4291 etsi
1160 4232 1240 4305 paulo
1263 4230 1394 4303 lonqima,
1409 4228 1510 4285 ideirco
1531 4228 1633 4299 integra
1648 4228 1807 4291 retulimus,

165 4318 295 4375 dicendus
308 4317 513 4389 cstidumquid
526 4319 626 4389 potius,
640 4320 703 4390 cuia
717 4320 883 4392 enebrisilric
902 4321 962 4390 plri-
1014 4329 1076 4399 qnia
1102 4326 1192 4383 omnia
1213 4324 1341 4398 singulari
1360 4320 1508 4379 attentione
1538 4328 1566 4377 et
1586 4320 1710 4378 examine
1730 4319 1811 4392 digna

164 4411 292 4481 losoplrns
304 4411 338 4467 ab
351 4410 446 4468 eodem
461 4410 622 4477 Plutarcho,
634 4411 760 4480 Laertio,
777 4413 961 4485 Tncoooren,
1013 4430 1086 4483 supr.

166 4514 195 4562 cc
216 4504 276 4559 aliis
302 4503 428 4561 docuisse
452 4503 609 4573 perhibetur
628 4505 758 4563 unitatem
782 4520 845 4565 esse
868 4522 961 4565 rerum
1049 4512 1140 4569 Primo
1159 4512 1249 4582 itaque
1269 4509 1390 4567 declarat
1408 4508 1493 4567 Deum
1507 4516 1570 4565 ante
1590 4503 1811 4578 principium‚id

165 4602 287 4660 omnnium
311 4600 488 4671 principium,
500 4608 581 4671 atque
595 4616 628 4658 ex
646 4604 767 4659 nummis
784 4604 875 4661 omnia
891 4604 962 4672 lieri,
974 4616 1003 4677 p
1015 4614 1066 4672 est,
1077 4604 1114 4663 oh'
1121 4603 1194 4661 omui
1206 4602 1368 4670 munitate,
1381 4616 1413 4659 ac
1428 4600 1526 4673 poinde
1538 4606 1682 4669 uunquam
1694 4593 1813 4651 mundus

167 4696 230 4753 inde
251 4696 354 4759 luctor
374 4706 467 4754 noster
485 4694 581 4751 conlui
603 4710 683 4766 pesse
702 4699 806 4767 putarit
821 4700 961 4765 mudum,
1015 4704 1165 4763 crearetur,
1180 4694 1263 4751 irrisae
1275 4703 1303 4749 ct
1314 4692 1403 4751 sulum
1415 4702 1444 4749 er
1455 4708 1510 4749 nen
1525 4691 1624 4749 solum.
1636 4686 1812 4746 annemundi

167 4790 236 4846 sirm
250 4791 378 4854 renitatcm
400 4799 429 4847 et
439 4804 578 4856 unsaros,
592 4790 834 4847 rrrconunrlnissc
847 4808 897 4849 nec
909 4792 965 4849 tae·
1015 4782 1115 4861 quip'pe
1128 4784 1379 4846 manummerias
1392 4788 1461 4851 erat,
1474 4784 1530 4855 ipre
1543 4782 1591 4839 aiot
1606 4778 1727 4847 miurinus,
1740 4779 1811 4834 locus

167 4892 224 4949 tum
243 4882 339 4954 (licen
358 4882 433 4949 tut,
464 4882 509 4940 iil.
527 4878 568 4947 ll,
591 4897 650 4949 cop.
667 4882 695 4937 5.
721 4880 806 4938 inere
834 4882 880 4939 tu.
894 4883 963 4953 tut,
1017 4889 1041 4937 et
1054 4878 1158 4945 omniur
1170 4877 1232 4950 quia
1253 4876 1318 4935 nilril
1333 4885 1431 4948 prater
1446 4891 1475 4933 se
1494 4875 1662 4943 extrinsecus
1684 4873 1810 4929 trauehat.

169 4977 235 5051 lii
243 4993 252 5043 ;
267 4975 420 5038 luendum.
433 4991 510 5033 rernr.
532 4973 550 5031 2
568 4974 601 5031 rie
623 4973 750 5044 petenen
766 5014 774 5040 ,
800 4975 965 5049 paulilli
1017 4972 1087 5036 Tum
1112 4982 1200 5031 tumen
1216 4968 1430 5037 nnneracselus,
1441 4968 1503 5039 quia
1516 4982 1592 5023 suam
1603 4965 1719 5023 habebat
1731 4966 1815 5023 ratio·

167 5072 223 5131 Sed
235 5073 257 5127 si
270 5071 310 5127 ira
323 5085 369 5134 res
380 5084 413 5127 se
426 5069 533 5135 lrabeat,
547 5068 622 5127 cnut
632 5067 650 5127 ir
660 5067 740 5123 nouis
751 5076 877 5125 aucmres
888 5085 965 5126 erro·
1017 5083 1092 5133 nem.
1104 5068 1174 5133 lacte
1187 5064 1346 5137 principium
1359 5063 1512 5129 enimvero,
1530 5076 1578 5119 seu
1600 5076 1615 5117 a
1636 5069 1690 5116 teta
1703 5060 1813 5117 uterni-

168 5164 207 5221 ris
220 5163 313 5235 procul
324 5162 408 5220 dubio
417 5162 623 5219 conducentur.
635 5159 859 5232 numquidnum
868 5164 966 5232 prulia-
1018 5171 1072 5221 tate
1083 5162 1222 5221 rationalis
1236 5160 1302 5227 luit;
1315 5156 1531 5232 qnandoquidem
1543 5156 1613 5211 Deus
1626 5169 1751 5213 essenon
1768 5168 1817 5224 po-

168 5258 250 5321 bilius
264 5257 316 5315 dici
331 5264 421 5327 potest
433 5255 615 5329 Pyttraporum
629 5254 779 5313 errantium
793 5254 907 5311 marein
921 5270 969 5311 ea·
1019 5266 1082 5324 test,
1096 5255 1148 5315 nisi
1162 5254 1197 5311 sic
1209 5269 1292 5314 sensu
1306 5252 1451 5311 erratione
1465 5250 1605 5322 praeditus.

169 5354 231 5411 dein
250 5368 304 5412 non
324 5351 508 5425 permansisse
527 5348 682 5406 sentcnticl
693 5348 761 5405 linc
772 5349 854 5405 veiim
866 5362 968 5420 expen-
1054 5345 1190 5412 Sccundo,
1206 5344 1322 5401 diuinam
1337 5343 1410 5399 illam
1423 5352 1607 5414 aeternamque
1623 5341 1670 5399 Dei
1685 5342 1816 5397 racionem

168 5448 228 5514 das,
242 5455 268 5505 ct
279 5446 451 5518 pronunties.
1018 5440 1106 5513 peuri,
1119 5438 1216 5509 inquit,
1244 5440 1310 5509 λόγον
1337 5436 1436 5504 dicunt,
1462 5434 1533 5491 lraud
1552 5434 1633 5491 dubie
1656 5434 1718 5505 quia
1731 5434 1814 5489 luen·

206 5540 291 5597 linito
314 5540 406 5612 imque
428 5538 519 5595 uerius
543 5536 696 5607 certiusque
719 5536 785 5593 illud
814 5544 870 5604 esc,
895 5537 968 5609 quod
1021 5548 1070 5591 nes
1094 5532 1230 5605 Evangelii
1249 5532 1292 5587 sni
1308 5530 1385 5587 initio
1408 5531 1534 5601 scripsit:
1551 5517 1660 5605 terem
1675 5533 1703 5591 la
1717 5538 1730 5587 ὁ
1744 5534 1822 5603 utque

171 5633 273 5690 ductor
284 5644 376 5691 noster
385 5630 503 5694 tradidit,
519 5629 648 5687 mnndum
660 5644 695 5684 ex
705 5630 885 5687 nilriloilieo
897 5646 969 5688 eren
1020 5627 1184 5699 liorem.,i,
1206 5626 1250 5699 t).
1278 5625 1346 5683 Nam
1376 5627 1434 5698 ipse
1460 5626 1640 5685 Tertullianus
1673 5628 1731 5683 nne
1762 5624 1823 5681 lati-

171 5738 241 5793 turn,
265 5727 339 5783 nerle
363 5742 414 5797 qao
437 5725 531 5799 iussim
556 5723 655 5778 creme
682 5739 734 5793 qua
756 5723 901 5795 disposuit,
917 5725 966 5780 cir·
1020 5736 1056 5779 ue
1080 5722 1115 5777 ita
1144 5720 1251 5779 citant:
1265 5718 1300 5775 ln
1323 5720 1449 5793 principio
1472 5730 1526 5776 erac
1544 5734 1626 5776 sumo
1629 5758 1685 5789 .....
1699 5728 1722 5775 et
1735 5734 1819 5775 rermo

172 5814 225 5879 tate
244 5836 294 5892 quo
320 5819 402 5892 potuit
435 5816 613 5892 (Turullium.
649 5816 810 5891 sputoque„
833 5834 894 5889 cup.
921 5818 967 5886 il,
1020 5811 1366 5887 centumuirorum
1377 5812 1700 5888 annullandum-edu.
1714 5813 1826 5882 dorm,
