4084 6334
170 334 251 394 tets-

735 334 963 393 utssunrarto
983 334 1022 393 lt,
1042 335 1086 393 LE
1106 336 1258 396 Norunt.

1754 347 1825 406 tots

170 454 474 525 θισηιιναιῖμαιιιριι
484 436 969 524 drnrutrm‚znlrpt;nemrditum:-
985 450 1012 511 A
1026 451 1069 507 bic
1085 452 1153 511 liber
1167 470 1182 509 a
1194 454 1358 513 Tertulliano
1372 464 1431 529 post
1450 471 1524 513 suam
1539 458 1571 514 ad
1584 458 1758 519 llontauistas
1776 466 1826 521 tle·

170 546 252 601 Pater
268 553 508 617 commotorumque
522 556 633 618 tempore
645 556 736 600 cerreta
756 544 833 600 sinnii
847 560 903 599 cnm
914 545 970 617 ipso

171 639 378 703 administrabas,
390 640 491 711 scripsit
504 639 538 693 nti
548 640 671 704 ciritntrs,
680 656 712 694 ne
722 650 810 695 contro
824 655 869 693 nos
880 640 971 694 trrrrrol-

172 743 213 789 tus
220 732 385 799 concitarent,
400 732 550 786 nominatim
564 730 598 784 nd
611 731 762 799 Lorisrreos,
778 732 812 784 orl
831 731 970 786 Tltessolo·

172 828 297 892 recenses,
310 826 345 879 nd
360 826 536 892 Athenienses,
550 826 584 879 oti
597 826 728 881 rtrrirersos
748 826 855 895 dotrinae
870 826 972 881 Gedros

172 918 292 991 (Essem,
305 917 349 972 tit.
359 916 393 972 tt
405 916 504 972 Eccles.
532 916 614 985 Hira,
626 917 736 990 capili,
749 935 808 991 png.
823 918 895 990 tte).
910 916 974 973 Plu·

172 1026 217 1068 res
228 1012 310 1068 ctiam
324 1010 422 1067 eruditi
441 1020 542 1065 nostroe
560 1011 647 1066 celatis
661 1012 710 1066 riri
724 1012 868 1082 opinantur
881 1012 914 1067 ab
927 1011 973 1067 illo

172 1106 254 1161 latam
267 1104 361 1170 luisse,
375 1103 402 1161 in
423 1102 629 1160 christianornm
643 1104 765 1175 gratiam,
781 1105 876 1175 legem,
892 1096 973 1175 guam

173 1200 207 1256 ab
217 1200 277 1255 aliis
292 1209 379 1256 tamen
391 1198 490 1259 Alorco
510 1199 620 1254 Aurelio
639 1198 802 1270 adscriptam
816 1194 896 1269 paulo
911 1206 974 1254 ante

173 1295 324 1351 notavimus
337 1290 404 1363 (Art.
418 1291 527 1365 sopori.

208 1386 308 1443 Sextus
318 1385 436 1450 tandem,
447 1393 475 1439 et
484 1384 613 1440 horumce
621 1384 768 1456 aequiorum
781 1384 973 1455 imperatorum

173 1480 295 1547 ultionis,
310 1494 326 1535 a
340 1478 507 1535 Tertulliano
522 1479 563 1533 lris
577 1480 667 1535 serbis
681 1478 831 1550 appellatur
847 1497 853 1531 :
872 1478 974 1547 Nullos

182 1574 261 1630 l'rrns
274 1574 347 1644 leges
367 1571 525 1628 Christianis
544 1570 671 1626 adversas
696 1571 823 1641 impressit
850 1568 974 1640 (Tertul-

175 1667 250 1732 lian,
267 1666 315 1721 loc.
329 1664 398 1737 cit),
410 1662 621 1719 subattdiendum
634 1663 703 1719 baud
718 1662 798 1718 dubie
812 1664 910 1718 tabulis
924 1652 974 1734 pu·

174 1762 271 1827 blicis,
287 1767 316 1815 ut
327 1774 367 1814 cac
380 1759 625 1830 promulgarentur.
642 1758 676 1812 tlt
690 1754 837 1813 obserrare
846 1754 890 1812 laic
901 1757 977 1828 jrrrat

1024 544 1165 603 lectionem
1177 550 1342 619 compositus
1356 542 1445 616 estfet
1461 550 1591 607 Proculus
1602 563 1715 610 vocotur
1729 566 1823 624 noster,

1024 637 1086 703 irinc
1100 638 1206 709 quidam
1227 640 1315 711 colligi
1332 654 1410 711 posse
1433 650 1527 711 putant
1546 643 1606 698 ideo
1628 645 1666 701 ita
1679 647 1824 718 appellari,

1023 730 1150 801 quirniam
1176 730 1278 787 iisdem
1293 731 1515 789 llontanistarum
1543 738 1680 793 erroribus
1703 740 1825 800 addictos

1024 831 1091 878 erat.
1107 824 1286 891 Quamobrem
1304 826 1404 882 addunt
1420 829 1493 884 illum
1510 829 1552 885 lris
1567 832 1654 888 notari
1669 834 1826 908 {lieronymi

1024 915 1114 971 verbis
1130 932 1137 971 t
1152 916 1239 986 Gnius,
1253 918 1299 973 sub
1312 918 1438 975 Antonino
1450 922 1538 977 Seueri
1554 925 1618 993 tilio,
1629 926 1827 997 disputationem

1025 1010 1146 1066 aduersus
1156 1008 1306 1081 Proculum,
1319 1012 1600 1083 llontoniscctotorcnr,
1608 1020 1731 1091 insignem
1740 1024 1828 1080 boirtit

1027 1101 1160 1177 (Hieron,
1180 1104 1262 1161 Gotol.
1277 1107 1366 1179 script.
1380 1108 1440 1164 cccl.
1468 1106 1481 1181 ᾖ
1508 1110 1756 1181 supremarum
1777 1118 1828 1175 lete

1027 1197 1190 1253 montanista
1205 1196 1305 1269 luerit,
1321 1216 1374 1257 non
1398 1201 1468 1257 idem
1491 1204 1612 1274 prolecto
1626 1220 1686 1263 esse
1708 1207 1825 1279 ridetur,

1027 1297 1108 1359 atque
1128 1289 1257 1350 Proculus
1285 1290 1446 1363 Torpacion.
1476 1294 1609 1353 Preterea
1636 1298 1678 1355 lrie
1698 1300 1842 1367 Eutrorliro,

1027 1392 1186 1452 procurator
1209 1384 1323 1451 dicitur,
1348 1385 1393 1442 ille
1413 1402 1478 1443 rere
1498 1388 1652 1446 clrristianec
1667 1393 1828 1465 eloquentiae

1028 1475 1157 1547 dignitate
1172 1477 1375 1535 celeberrimus

1065 1568 1236 1625 Atdisciums
1251 1585 1283 1625 cr
1299 1570 1389 1627 [lionis
1406 1572 1830 1650 epitome{cinerulenta-rmn-

1029 1662 1114 1717 tonini
1127 1661 1271 1718 Caracallo
1298 1664 1378 1721 luisse
1396 1666 1578 1735 educatorem,
1593 1681 1635 1725 roe
1649 1681 1742 1744 mageo:
1757 1678 1831 1732 cirre

1031 1756 1104 1829 (Dio.
1117 1754 1249 1830 Epidii.
1260 1756 1328 1813 Tum
1344 1770 1432 1814 autem
1445 1760 1573 1818 Proculus
1582 1762 1661 1835 liujus
1671 1762 1767 1833 Erudi,
1782 1784 1830 1824 scu

175 1854 203 1909 in
218 1859 292 1909 textu
306 1850 434 1918 Eusebii,
450 1850 494 1922 qui
509 1848 580 1904 lrune
603 1848 758 1904 Tertulliani
774 1850 862 1905 locum
887 1861 975 1920 grace
988 1859 1013 1919 Β
1028 1848 1336 1921 Eulrodias,procorator
1348 1866 1407 1908 esse
1422 1864 1537 1925 poterat.
1549 1854 1614 1910 Nam
1626 1857 1677 1913 lroc
1694 1858 1753 1930 ipso
1766 1868 1833 1915 tcm-

175 1943 313 2012 reddidit,
338 1942 510 2015 praetermitti
545 1944 603 1999 lraec
621 1941 703 1997 rerba
731 1958 738 1994 ε
768 1940 865 1996 Nullus
894 1939 974 1996 Verus

177 2038 295 2111 (lienem,
312 2038 358 2093 111.
376 2036 396 2092 V
417 2036 506 2091 eccles.
524 2035 595 2092 Birt.
618 2052 677 2108 cop.
702 2035 729 2103 5,
753 2052 812 2107 pop.
842 2034 918 2104 l'llll.
941 2035 976 2089 Et

177 2141 252 2189 certe
266 2131 310 2186 bie
330 2130 388 2200 ipse
402 2128 497 2194 Verus,
514 2142 624 2183 consors
640 2128 743 2199 imperii
760 2126 878 2182 allarco
891 2126 976 2183 Aure-

176 2224 214 2281 llo
228 2224 330 2289 laetus,
346 2220 492 2300 norenrnd
505 2235 639 2276 summunt
654 2220 732 2275 annis
745 2235 806 2275 cum
821 2220 867 2273 illo
881 2234 978 2291 regna·

177 2318 235 2384 rit,
250 2326 278 2372 et
291 2323 354 2371 ante
368 2315 443 2370 illurn
457 2321 579 2369 mortuus
595 2321 645 2370 est.
667 2312 849 2383 erarnobrcm
863 2312 976 2384 ¹atridam

179 2412 349 2483 suspicantur
371 2409 423 2464 boc
448 2423 545 2464 nomon
560 2416 715 2479 corruptum
738 2408 820 2462 luisse
833 2406 862 2461 in
876 2406 980 2463 Tertul-

179 2505 241 2560 liani
256 2512 340 2569 terto,
355 2500 542 2572 relegendum
557 2498 675 2555 Seram
685 2498 821 2554 l’amelius
843 2499 914 2554 enim
930 2514 980 2554 nos

181 2596 307 2652 admonet
331 2594 396 2651 illud
410 2594 437 2649 iu
459 2592 590 2649 Vaticano
604 2606 658 2647 ono
672 2633 679 2658 ‚
695 2600 723 2647 et
736 2590 823 2646 altero
835 2586 981 2647 Leodiensi

183 2704 277 2747 reuera
297 2687 422 2743 iuncturi.
437 2686 491 2743 Sed
502 2686 563 2757 qrria
578 2684 606 2740 in
620 2684 725 2741 ceteris
739 2683 908 2740 ornrribusac
921 2698 981 2738 me·

182 2786 258 2841 lioris
279 2794 349 2839 notae
374 2781 513 2837 codicibus
534 2796 588 2835 non
608 2780 722 2851 legitur,
743 2778 811 2834 nilril
825 2787 920 2833 contra
943 2784 981 2832 tot

183 2879 307 2935 codicum
321 2875 506 2933 auctoritatem
519 2872 631 2930 definire
643 2872 782 2929 audemus.
795 2870 890 2927 Nonne
901 2870 983 2927 etiem

184 2974 362 3032 Tertullianus
389 2972 552 3027 mentionem
587 2970 658 3025 illius
682 2968 769 3024 lacere
796 2966 857 3023 ideo
884 2965 983 3038 potuit,

185 3070 245 3142 quia
263 3068 364 3125 Aurelii
377 3066 487 3137 collegio
501 3066 543 3121 soi
557 3074 584 3121 ιι
597 3062 631 3118 ab
646 3078 679 3119 eo
697 3062 815 3134 adoptati
832 3060 985 3130 exemplum

186 3171 308 3230 secutus,
327 3160 426 3216 nullam
446 3160 474 3214 in
487 3157 653 3215 Christianos
671 3156 756 3227 legem
773 3154 848 3223 tulit,
867 3154 998 3224 ninilque.

174 3266 279 3313 contra
289 3268 336 3310 eos
352 3252 519 3308 nraelrinatus
532 3248 638 3306 luerat?

151 3395 156 3404 ,
221 3347 323 3417 Siquis
337 3354 427 3399 tamen
447 3342 610 3413 pertinacius
631 3336 776 3395 contendat
796 3336 833 3391 ibi
854 3336 985 3406 scripturn

186 3440 271 3496 luisse
290 3436 378 3493 Seueri
392 3449 501 3502 nonren,
515 3448 568 3488 non
580 3430 692 3487 multum
703 3430 810 3502 quidem
824 3427 985 3499 repugnabi-

188 3546 258 3589 mus.
271 3529 338 3586 Nam
356 3528 536 3585 Tertullianus
547 3528 599 3582 alio
615 3527 641 3581 in
661 3524 730 3605 libro
745 3522 916 3580 commendet
929 3523 986 3576 sin-

189 3628 308 3701 gularem
318 3624 391 3680 illius
403 3625 429 3678 iu
443 3620 606 3679 christianus
617 3619 824 3691 propensionem
837 3626 865 3673 et
875 3616 989 3671 benero-

190 3718 310 3783 lentiam,
319 3717 415 3788 quibus
426 3714 460 3771 ob
474 3711 631 3769 miraculum
648 3713 674 3766 iu
696 3710 754 3782 ejus
766 3709 877 3781 gratiam
889 3709 988 3763 luctum

190 3814 250 3870 illos
262 3828 355 3869 omnes
364 3812 459 3868 saltem
470 3806 564 3880 primis
576 3804 679 3877 imperii
693 3804 734 3859 sui
745 3803 823 3857 anuis
835 3802 991 3872 completus

192 3914 243 3964 cst.
263 3902 317 3962 Sed
330 3904 471 3960 audiamus
485 3901 507 3956 si
527 3899 615 3971 placet
635 3896 708 3952 illius
731 3894 834 3952 rerba:
855 3893 930 3963 lpse,
947 3893 990 3947 iu-

191 4000 258 4072 quit,
271 3998 389 4062 Scocrns‚
403 4004 475 4065 poter
489 3992 611 4047 Antonini
624 3988 775 4055 Gorneolloe,
789 3985 992 4043 Christianorum

190 4111 287 4150 ιιιιιιιι
299 4092 357 4164 fuit.
368 4089 438 4146 ll'ont
447 4099 471 4143 ιι
486 4085 627 4166 Proculum
638 4085 815 4151 clairmanum,
826 4082 868 4154 qui
892 4080 992 4152 Torpo-

191 4191 248 4245 rion
264 4184 498 4260 repromittebatur,
509 4182 636 4237 Enltodioe
653 4189 863 4253 procuratorem,
879 4176 923 4247 qul
936 4192 994 4230 runt

192 4298 238 4354 per
250 4282 332 4335 oleum
343 4277 481 4351 aliqnando
496 4283 643 4343 corruerat,
658 4271 796 4350 requisivit,
811 4280 835 4326 et
856 4270 884 4323 in
897 4268 993 4340 palutio

193 4396 239 4434 suo
253 4377 338 4433 leniuit
352 4391 429 4447 usquc
443 4373 477 4428 od
491 4380 596 4427 ntortent
609 4370 682 4441 ciram·
695 4384 767 4438 quem
780 4374 803 4421 et
813 4363 938 4419 Antonias
948 4378 994 4434 op·

195 4474 254 4528 tiore
266 4477 378 4535 rrourrot,
390 4468 455 4524 lactc
466 4465 604 4521 citriationo
618 4460 740 4516 edocatus
754 4456 888 4531 (Tertull,
901 4456 945 4511 tto.
960 4455 995 4508 od

195 4564 315 4637 Scapul,
334 4579 391 4633 cup.
414 4560 460 4631 tt.
474 4558 610 4615 (lentiores
631 4556 720 4624 itaque
746 4565 795 4607 nos
818 4549 883 4605 iacit
908 4544 994 4604 Sere·

1028 1960 1093 2016 pore
1119 1942 1144 1999 ln
1155 1944 1246 2000 Soteri
1261 1945 1371 2016 palatio,
1385 1956 1412 2001 ut
1427 1940 1664 2015 ai'tTertullianus,
1679 1967 1832 2009 commora-

1028 2034 1164 2103 batur,ubi
1177 2052 1237 2091 cnm
1248 2037 1381 2094 Caracalla
1392 2040 1528 2110 cognorit,
1540 2042 1691 2112 atque,ipso
1704 2041 1832 2116 instigari·
1892 2089 1895 2097 .

1029 2142 1064 2197 te,
1074 2132 1140 2186 loclc
1158 2130 1297 2185 christiano
1309 2132 1430 2187 educetur
1442 2143 1494 2189 est.

1065 2215 1835 2298 Caeterumt'puithuiddelrocl‘rocrrloTorpacionestatua·

1031 2325 1084 2385 tur,
1095 2314 1341 2387 nullusarnbigendi
1350 2317 1547 2390 locusest,quin
1559 2318 1724 2387 struncon
1733 2324 1836 2377 sanita·

1032 2420 1086 2466 tem
1111 2403 1160 2465 sibi
1185 2408 1337 2465 mirandum
1362 2411 1387 2467 iu
1409 2410 1517 2467 modum
1538 2414 1706 2482 restitutam,
1739 2414 1836 2471 laverit

1032 2502 1202 2561 Christianis.
1213 2502 1271 2583 Non
1285 2504 1374 2560 solum
1388 2505 1460 2560 enim
1473 2504 1544 2562 lrurrc
1557 2506 1701 2564 Proculum
1713 2508 1836 2565 clrristia·

1034 2613 1097 2653 num
1111 2594 1138 2651 iu
1155 2596 1205 2651 suo
1223 2594 1332 2680 retinuit
1347 2596 1448 2665 palatio
1469 2612 1477 2652 :
1498 2596 1546 2652 sed
1566 2608 1589 2653 et
1605 2598 1777 2669 clarissimos,
1797 2598 1836 2657 uti

1034 2685 1122 2746 adlruc
1134 2688 1231 2745 asserit
1243 2687 1433 2756 Tertullianus,
1451 2690 1578 2761 soerrrinos,
1594 2700 1617 2745 et
1631 2690 1785 2746 clunisaimos
1798 2693 1837 2747 ui·

1035 2802 1089 2849 ros,
1106 2782 1215 2839 Seuerus
1227 2783 1307 2837 sciens
1321 2781 1399 2852 linias
1414 2793 1488 2837 secte
1502 2800 1566 2849 esse,
1583 2800 1633 2839 non
1642 2784 1717 2839 modo
1728 2801 1779 2840 non
1790 2786 1836 2840 lte·

1036 2878 1085 2946 sit,
1110 2894 1196 2932 oerum
1216 2874 1290 2931 etiam
1310 2884 1333 2931 ct
1356 2876 1495 2930 testimonio
1511 2858 1659 2944 crorrrouit,
1678 2876 1703 2932 'et
1724 2869 1835 2950 populo,

1038 2972 1132 3045 [urenti
1144 2971 1170 3025 ln
1185 2988 1241 3038 nos,
1256 2969 1342 3042 polum
1356 2970 1445 3024 restitit
1464 2970 1504 3043 (T
1505 2970 1601 3038 crtull,
1619 2972 1665 3028 tlt.
1680 2972 1714 3026 od
1729 2973 1838 3045 Scapul.

1038 3082 1097 3135 cup.
1126 3061 1347 3141 l).Clrristianis
1370 3052 1562 3131 igiturrcrera,
1592 3078 1642 3119 nee
1669 3064 1838 3137 parumqui-

1039 3158 1101 3213 dem
1121 3156 1292 3240 inritesque
1319 3154 1425 3211 illorum
1449 3169 1502 3209 non
1529 3155 1674 3223 oecultum,
1690 3155 1839 3227 scdpubli·

996 3258 1097 3323 Getrrn
1122 3248 1242 3332 crinibuit
1267 3248 1397 3302 fautorem
1427 3256 1507 3317 atque
1541 3244 1720 3303 defensorem.
1740 3246 1840 3315 Quidni
1927 3243 1933 3259 “

1038 3359 1103 3402 rero
1126 3342 1165 3407 eis
1191 3340 1308 3407 lavisset,
1339 3354 1354 3394 a
1378 3338 1474 3410 utribus
1498 3353 1551 3394 non
1573 3338 1654 3394 modo
1679 3340 1840 3397 beneficium

1039 3437 1186 3495 triariorum
1200 3441 1350 3505 acceperat,
1365 3431 1412 3488 sed
1425 3446 1538 3503 quorum
1553 3446 1684 3487 sommam
1695 3447 1802 3505 claroque
1813 3433 1840 3489 in

1041 3551 1070 3591 se
1086 3530 1241 3589 fidelitatem
1264 3526 1351 3607 luerat
1374 3541 1481 3597 seraper
1508 3512 1655 3597 expert'usl
1681 3526 1747 3582 Nam
1769 3529 1840 3584 iuter

1041 3626 1171 3683 sactiones
1190 3622 1285 3691 Cassii,
1295 3618 1368 3691 Nigri
1383 3626 1409 3676 ct
1421 3618 1510 3675 Albini
1523 3622 1557 3675 ob
1570 3622 1628 3692 ipso
1653 3621 1710 3695 ejus
1724 3602 1840 3693 imperii,

1042 3730 1070 3775 ιιι
1085 3733 1164 3789 supra
1179 3714 1296 3771 vidimus
1308 3712 1481 3787 (Supr.,eop.
1494 3711 1531 3781 2,
1546 3713 1651 3785 ιιιζι),
1666 3725 1693 3769 ιι
1706 3714 1774 3769 inira
1788 3714 1841 3770 ad·

1044 3812 1096 3867 lure
1108 3810 1221 3877 (licetur,
1235 3806 1346 3864 exordio
1369 3806 1503 3873 subortas,
1523 3805 1615 3862 nullus
1628 3790 1745 3879 ungutam
1761 3806 1837 3864 cliri-

1043 3904 1146 3962 silanus
1159 3902 1282 3958 inventus
1297 3908 1348 3957 est.

1080 3997 1136 4055 Nee
1148 3996 1248 4053 dixeris
1258 3996 1315 4052 brec
1329 4010 1448 4068 pugnore
1459 4010 1520 4053 com
1540 3994 1589 4062 iis,
1603 3991 1699 4068 ouibus
1718 3998 1843 4069 superius

1046 4088 1268 4163 ι1ἰιιῑιιιι31111ιι.)Ι
1285 4097 1448 4145 commotam
1460 4088 1494 4144 ab
1507 4089 1600 4145 eodem
1614 4090 1714 4147 Seuero
1728 4090 1845 4163 impera·

1047 4196 1105 4243 tore
1119 4182 1320 4241 lnClrristianos
1335 4183 1559 4255 persecutionem.
1574 4181 1631 4239 Non
1647 4186 1719 4241 eninr
1740 4183 1845 4255 imperii

1047 4274 1088 4339 sui
1101 4281 1187 4348 initio,
1203 4278 1250 4336 sed
1265 4286 1327 4350 post
1340 4278 1432 4335 decern
1448 4284 1476 4333 et
1489 4277 1602 4349 amplius
1614 4292 1699 4335 annos
1712 4277 1845 4334 concitata

1047 4374 1106 4431 luit.
1120 4373 1230 4430 Coustat
1251 4382 1344 4428 autem
1363 4372 1437 4428 illum
1453 4370 1486 4427 ad
1509 4370 1535 4427 id
1560 4385 1646 4443 usque
1667 4379 1771 4443 tempus
1790 4384 1845 4426 uon

1049 4483 1141 4539 parum
1157 4462 1265 4538 quidem
1282 4462 1379 4521 lavisse
1393 4464 1561 4521 Christianis.
1574 4462 1578 4471 '

1084 4558 1189 4617 Nullum
1212 4574 1293 4631 porro
1325 4574 1430 4631 aequum
1458 4573 1547 4615 rerum
1571 4556 1760 4614 astimotorcm
1786 4568 1848 4611 esse

196 4660 255 4717 ru'rrt
287 4660 478 4731 impertionem
501 4650 659 4724 aegritudine
695 4646 808 4719 quadarn
836 4641 1285 4728 irritabililerl)purgffiugqffleg
1302 4651 1573 4723 his,q11aelractenus
1593 4649 1662 4705 dicta
1678 4656 1750 4717 sunt,
1770 4646 1849 4705 facile

196 4756 278 4813 luisse
288 4755 404 4810 leratum
414 4750 479 4817 aba,
489 4746 559 4819 qrtotl
573 4743 701 4800 Proculus
710 4741 748 4795 illi
756 4739 876 4795 dederat.
886 4735 925 4792 Ne
934 4736 995 4807 qtris

196 4863 286 4908 arrteru
305 4856 351 4903 aut
367 4843 548 4917 pertinacior,
568 4847 614 4894 aut
636 4836 746 4891 ornnino
766 4830 923 4888 incredulus
937 4871 944 4895 ,
960 4825 995 4883 de

199 4953 272 4998 tanto
292 4939 420 4995 miraculo
441 4934 551 4990 dubium
571 4942 708 4997 rrrrrreret,
728 4926 834 4983 Proculi
851 4934 878 4980 et
897 4938 997 4994 cugno-

199 5052 261 5092 rnen
278 5042 304 5089 ιι
318 5048 413 5088 nuums
435 5028 565 5085 declarat.
578 5022 744 5093 Torptrion,
761 5018 863 5090 iuquit,
879 5016 997 5072 vocaba-

199 5139 253 5195 tur,
268 5137 295 5182 et
307 5124 435 5181 Eunomo
449 5130 507 5177 erat
521 5125 688 5191 procuratur.
704 5112 758 5170 Sed
770 5112 831 5184 tritis
844 5110 890 5167 ille
904 5109 995 5176 luerit,

198 5221 254 5293 jam
264 5220 336 5275 dictu
349 5216 546 5274 difficillimum.

236 5296 1000 5377 AlioautemiuliltroTertullianusnarratValeotiniaoo·

202 5424 263 5467 rum
276 5421 382 5463 errores
397 5405 566 5472 impugnatos
580 5398 662 5456 luisse
685 5413 738 5454 uon
750 5395 837 5453 solum
849 5392 883 5449 ob
895 5393 1001 5451 Justiuo

202 5514 330 5575 martyre,
342 5498 460 5556 lliltiade
484 5509 511 5552 et
523 5498 634 5563 irenaeo,
647 5492 693 5552 sed
708 5494 787 5550 etiarn
801 5508 817 5547 a
832 5487 956 5557 Proculo,
967 5486 1001 5545 de

203 5616 257 5673 quo
270 5598 341 5655 ltutrc
354 5596 472 5668 loquitur
483 5594 509 5649 in
524 5592 652 5648 modum:
676 5590 804 5646 Proculus
817 5595 902 5643 noster
920 5585 1002 5656 virgi·

203 5694 243 5749 nis
266 5700 373 5748 senectus
393 5699 417 5745 ιι
431 5687 576 5746 christiane
590 5684 740 5757 clogrtentior
758 5685 883 5755 dignabor,
902 5685 1003 5748 orosio

1046 4763 1100 4804 non
1120 4746 1250 4817 intelligat
1266 4744 1356 4817 quanti
1374 4743 1478 4800 roboris
1492 4742 1527 4797 sit
1543 4740 1601 4797 haee
1615 4741 1739 4797 Auctoris
1761 4740 1846 4795 nostri

1048 4837 1257 4909 argumentatio,
1269 4834 1345 4906 eujus
1358 4833 1476 4905 pondere
1488 4830 1610 4888 ethnicos
1625 4831 1731 4903 penitus
1746 4830 1847 4899 obruit,

1048 4934 1092 5005 qui
1104 4949 1133 4990 se
1146 4932 1248 5005 legibus
1256 4931 1311 4987 suis
1319 4929 1352 4985 ad
1361 4926 1518 4985 cruciandos
1528 4927 1713 4998 tolleudnsque
1721 4926 1851 4983 Christia-

1050 5044 1100 5085 nos
1111 5028 1224 5100 obligari
1238 5026 1421 5083 vernilitabmt.
1431 5021 1565 5095 Namlras,
1575 5034 1601 5077 et
1615 5020 1806 5092 iniquissimas,
1824 5027 1852 5076 et

1051 5125 1086 5181 ab
1101 5120 1274 5193 iniquissimis
1295 5117 1458 5191 principibus
1473 5114 1549 5172 datas
1569 5130 1629 5173 esse
1644 5112 1850 5173 demonstrarit.

1053 5216 1108 5275 Nec
1122 5218 1210 5271 nrinus
1230 5214 1380 5269 luculenter
1398 5208 1526 5284 pateleeit
1548 5209 1608 5265 illas
1632 5224 1648 5264 a
1669 5195 1852 5279 compluribus

1053 5312 1123 5380 aliis,
1137 5311 1269 5383 probitate
1284 5318 1312 5365 et
1328 5308 1455 5381 tenuitate
1467 5304 1605 5377 praeditis,
1620 5313 1756 5361 correctas
1770 5302 1853 5359 luisse

1054 5416 1082 5465 et
1096 5404 1261 5487 enrepdntos.
1277 5404 1396 5474 benique
1410 5402 1454 5473 qui
1470 5401 1570 5456 nullam
1588 5400 1614 5455 iu
1629 5396 1795 5479 Christianos
1811 5404 1852 5453 tu·

1054 5503 1143 5559 lerunt
1156 5502 1253 5573 legem,
1268 5498 1296 5555 lai
1307 5496 1399 5569 procul
1410 5495 1493 5553 dubio
1508 5489 1852 5565 illos,quantuminiquitas

1055 5606 1206 5669 temporum
1217 5593 1333 5663 sinebat,
1348 5592 1471 5650 tutarier
1483 5596 1625 5663 protegere
1636 5586 1814 5645 conabantur.

205 5772 275 5844 omni
285 5788 437 5859 opercfidci,
450 5783 697 5859 nrtmrtodrnodomin
710 5783 768 5850 isto,
782 5780 919 5853 optaverim
931 5795 1002 5834 osse·
1102 5816 1108 5825 .

206 5883 251 5959 qni
271 5881 282 5957 (
300 5880 385 5955 idem,
407 5882 451 5941 lio.
473 5884 531 5941 adr.
557 5881 659 5950 Valeri,
682 5893 741 5951 rap.
763 5876 780 5934 5
802 5873 824 5948 ).
844 5874 912 5945 Quia
938 5886 1003 5931 rero
