4084 6334
286 314 341 377 899
656 306 660 325 “
818 306 852 365 nt
870 298 1105 367 nnntutblthl
1121 298 1388 367 tuotonnttctitl
1882 302 1938 361 nun

287 442 456 505 temporum,
478 409 620 485 tmeseia
633 432 661 481 ct
682 423 817 481 seminum
837 424 969 495 exemplis
987 435 1081 489 corro-
1097 417 1232 483 harartui
1251 416 1368 473 huminis
1382 415 1415 475 ad
1433 416 1515 474 sitam
1537 429 1706 489 repressum,
1730 422 1787 475 lum
1807 416 1938 473 contiuuo

287 524 384 581 horare
396 531 508 579 conatus
520 520 607 578 lueret
620 517 799 590 (betulliam,
811 516 955 590 dpolapet„
964 534 1023 585 eap.
1035 515 1082 583 t8,
1136 510 1255 567 ostendit
1268 509 1375 583 quande
1388 523 1483 569 omnes
1502 508 1626 569 hominos
1641 525 1780 583 rosumere
1794 509 1911 567 debeam
1928 530 1935 567 ι

287 614 337 669 cot.
364 614 438 685 ιι),
460 611 523 670 inde
547 610 697 683 arguebant
719 608 820 667 ethnici
847 628 853 662 :
881 609 954 681 Ergo
975 622 1085 679 semper
1136 601 1402 675 liunduae,inqult,
1422 604 1581 677 quaestio,
1603 603 1630 661 hl
1650 613 1710 670 est,
1725 604 1807 663 dubio
1821 597 1935 677 praem,

285 705 456 762 moriendum
481 702 556 771 erit,
584 712 612 759 et
635 715 742 773 sonrpcr
769 698 974 771 resurgendum.
1002 698 1084 770 Atqui
1135 698 1245 754 uerbum
1267 705 1294 755 at
1308 711 1398 755 sermo
1413 697 1478 765 liei,
1492 698 1633 767 composuit
1646 697 1747 755 natulis
1760 696 1769 766 (
1781 696 1934 757 teramnae.

285 797 337 857 hoc
350 797 429 867 plane
442 794 587 853 absurdmn
603 802 655 853 est.
671 792 842 865 sedprimus,
858 791 1003 865 respondet
1013 789 1082 847 Ter·
1138 789 1291 862 epotaque,
1304 806 1362 862 cap.
1378 788 1429 856 tt,
1444 789 1495 845 eol.
1511 789 1578 862 ιιι),
1594 804 1641 847 seu
1651 790 1724 858 ,sihi
1739 788 1855 847 iurioern
1867 804 1936 847 oon-

285 889 432 957 tallianus,
448 890 469 944 ei
483 888 520 943 ita
539 903 625 943 rerum
642 884 767 941 Dorreinue
787 885 954 953 destinasset,
974 883 1083 957 inpectis
1134 888 1240 953 trariis,
1262 888 1304 945 uel
1332 888 1411 946 sicuti
1434 888 1462 945 iu
1485 888 1538 945 alio
1560 888 1629 945 libra
1651 886 1738 957 (lixit,
1765 904 1799 943 ee
1828 887 1937 946 diuersis

284 984 437 1055 eepeiaern
451 982 605 1062 eondtiouis
618 977 936 1053 tunlepesrtllbid.),hec
948 987 1007 1046 est,
1020 978 1083 1051 quia
1134 980 1280 1037 substantiis
1290 999 1301 1047 ,·
1320 991 1348 1037 ut
1367 982 1413 1038 sab
1436 982 1531 1037 sinitote
1552 990 1695 1039 constarent
1718 980 1823 1054 (idern,
1839 978 1886 1036 lib.
1906 981 1937 1037 tle

284 1091 365 1133 cerus
389 1083 419 1133 et
442 1075 615 1145 omnipotens
645 1074 716 1127 lucus
746 1071 867 1125 nuteriam
901 1084 1017 1134 rerum,
1051 1084 1083 1125 ac
1139 1072 1376 1147 Peallr'o.eap.2);
1399 1068 1566 1131 bacandum
1592 1074 1660 1130 ratio
1684 1074 1719 1129 ab
1742 1071 1931 1143 hujusmundi

284 1168 398 1239 proinde
416 1168 511 1225 mortis
532 1175 559 1225 ct
580 1168 642 1223 etue
665 1165 791 1221 dontinus
811 1174 871 1232 est,
889 1172 979 1235 parsest
991 1164 1083 1235 utique
1140 1166 1251 1222 exordio
1273 1178 1379 1237 ternpus
1393 1165 1477 1224 llucre
1490 1166 1590 1233 uoluit,
1610 1164 1682 1238 quad
1702 1180 1787 1237 usque
1803 1164 1837 1223 sd
1850 1179 1935 1236 oppo-

283 1278 338 1318 nun
351 1259 436 1319 sernel
450 1268 572 1327 raretum,
591 1258 640 1317 sod
655 1258 733 1313 saties
746 1256 883 1313 huminem
899 1265 1035 1312 martirum
1049 1254 1082 1312 ad
1135 1256 1214 1311 sitam
1251 1257 1301 1328 ipsi
1329 1258 1507 1316 aetertritatcm
1531 1272 1639 1329 semper
1658 1255 1768 1315 defluat.
1799 1258 1833 1315 ait
1867 1258 1937 1315 inter

283 1354 366 1409 uitam
381 1352 519 1419 excitare,
533 1351 645 1421 ¹quoties
658 1348 783 1405 uoluerit.
798 1347 826 1405 Si
838 1362 903 1419 erqo
922 1346 1024 1405 homiui
1038 1362 1082 1405 ta·
1133 1349 1265 1407 iubnham
1280 1351 1492 1423 immensamque
1504 1352 1681 1410 aeternitatem
1701 1366 1733 1409 ac
1746 1351 1852 1437 linitum
1868 1358 1936 1409 tem

281 1447 339 1503 rius
359 1445 393 1501 ab
413 1446 494 1499 sitnm
516 1443 619 1499 reditus
636 1440 817 1509 decreuisset,
841 1439 912 1497 harre
930 1440 977 1497 ille
994 1440 1081 1513 legem
1134 1459 1184 1515 pus
1195 1445 1355 1517 interposuit
1365 1448 1483 1504 medium
1496 1446 1620 1515 limitem,
1632 1462 1685 1517 spuo
1695 1462 1775 1505 esum
1785 1446 1935 1522 (Apolopet.

282 1539 390 1610 iruprmis
410 1536 590 1608 experiretur.
615 1536 688 1592 llinis
709 1546 800 1591 autem
824 1535 949 1607 inmotis,
969 1534 996 1591 id
1021 1545 1081 1605 est,
1134 1536 1183 1593 loe.
1200 1536 1274 1611 eit.),
1289 1538 1348 1595 siue
1363 1544 1447 1595 totum
1463 1538 1528 1597 illud
1542 1538 1634 1595 mundi
1649 1547 1753 1610 tempus
1768 1538 1895 1605 halatur,
1909 1548 1937 1594 et

282 1629 376 1698 irruite,
395 1645 427 1685 ac
441 1636 535 1685 contra
550 1628 725 1685 voluistateau.
742 1626 782 1683 liu
795 1626 869 1683 eninr
884 1641 965 1684 sensu
981 1627 1082 1683 Auctor
1134 1627 1237 1685 illinita
1255 1630 1393 1687 aetcnritas
1415 1631 1545 1702 incipiat:
1562 1631 1594 1687 ln
1608 1648 1637 1689 eo
1654 1642 1739 1689 eutem
1758 1632 1849 1689 ultimo
1870 1642 1933 1688 tern-

281 1724 341 1793 lpse
359 1732 450 1779 uester
470 1720 522 1777 hoc
543 1720 627 1775 uerbo
647 1734 721 1790 saepe
743 1734 806 1775 usus
825 1728 886 1787 cst,
908 1719 961 1774 isrru
982 1730 1008 1774 et
1024 1711 1089 1791 ipse'
1134 1723 1221 1793 poris,
1237 1734 1261 1777 at
1275 1725 1358 1792 prinae
1375 1725 1523 1782 murnitatis
1541 1726 1638 1792 tinnitu,
1649 1726 1811 1792 restituetur,
1826 1724 1933 1796 inquit,
2019 1736 2020 1741 ’

286 1813 392 1878 (liceto,
406 1813 602 1883 eatorqraeudent
614 1822 660 1879 eet,
678 1812 773 1883 iniquit,
789 1811 867 1867 inuito
880 1822 955 1883 utqatc
971 1811 1079 1884 inspeetis
1093 1818 1118 1879 Β
1132 1832 1205 1869 carruae
1228 1816 1367 1871 inmersum
1385 1834 1464 1887 pertus
1483 1817 1517 1871 ud
1534 1816 1736 1889 ecpurrqeaduru
1751 1817 1820 1889 quod
1839 1818 1868 1872 iu
1887 1818 1936 1873 isto

279 1906 348 1979 qsacd
362 1923 413 1970 iton
422 1905 508 1960 debet.
525 1906 559 1963 Et
573 1905 638 1961 alibi
653 1923 661 1961 s
675 1905 823 1961 lietieebaut
836 1921 894 1977 prere
907 1914 1026 1977 poterunt
1043 1905 1077 1959 h·-
1129 1922 1199 1973 aeao,
1223 1908 1343 1963 nrartalis
1365 1910 1425 1965 atta
1444 1924 1520 1977 suen,
1543 1909 1602 1965 boni
1626 1926 1670 1965 seu
1692 1910 1754 1965 uroli
1773 1909 1887 1977 meruit,
1910 1919 1934 1965 et

280 2002 376 2068 brieter,
390 2001 475 2058 dicent
486 2016 542 2072 qtuc
555 2015 655 2056 necesse
666 1998 712 2053 erit
724 1998 833 2071 inpectis
845 2000 854 2068 l
867 1997 957 2062 idem,
974 2014 1033 2069 cap.
1048 1998 1076 2065 l,
1130 2000 1221 2053 eaiirde
1234 1998 1430 2071 dependendum
1444 2003 1469 2054 iu
1482 2002 1630 2056 iarrtrtenscm
1641 2002 1789 2057 aternitatis
1802 2002 1933 2073 perpetui·

254 2088 257 2093 ’
279 2093 329 2147 eet.
353 2093 381 2148 5.
401 2093 446 2147 lib.
466 2092 568 2149 adsere.
585 2088 724 2163 llersnope.
735 2133 743 2158 ,
755 2108 814 2161 cap.
830 2091 883 2159 tu,
898 2101 922 2145 et
945 2089 990 2147 lib.
1015 2091 1075 2147 ado.
1130 2098 1206 2145 tutent
1218 2088 1324 2162 (ibid).
1338 2090 1377 2147 lta
1391 2093 1418 2148 in
1429 2092 1535 2163 Rigaltii
1551 2092 1703 2165 etantiquis
1714 2092 1892 2160 editionibus,
1903 2108 1932 2149 ne

282 2183 413 2242 Valentia.
439 2202 499 2256 cap.
522 2184 576 2250 tu,
601 2198 662 2257 pop.
686 2182 749 2241 atu.
770 2183 824 2238 tie.
844 2194 910 2239 orat.
933 2189 1016 2255 prtum
1031 2200 1077 2253 pro
1129 2183 1318 2255 ntnrruseriptis
1333 2184 1432 2241 uostris
1444 2184 1593 2243 codicibus.
1608 2187 1643 2241 hs
1662 2186 1687 2241 ιιι
1708 2185 1782 2241 cusis
1796 2186 1931 2258 aliquibus

280 2275 396 2344 Quirret„
412 2294 472 2348 pap.
490 2275 524 2341 b,
541 2271 815 2343 tinnunculum
834 2272 923 2340 l'err.,
934 2290 995 2348 pap.
1014 2275 1075 2340 ten,
1129 2275 1235 2347 legitur,
1252 2276 1515 2349 deprehendendum,
1536 2295 1585 2349 pro
1604 2278 1818 2349 dependendum,
1836 2287 1885 2334 aut
1905 2278 1931 2337 ιιι

284 2370 331 2425 lin.
351 2369 383 2425 ts
395 2369 415 2438 l,
431 2368 562 2427 Cerasisue
582 2366 692 2426 raamias
707 2366 812 2425 meaa
831 2376 859 2427 et
871 2367 898 2423 iu
911 2368 1010 2441 protis,
1026 2367 1077 2423 sihi
1128 2368 1188 2425 aliis
1207 2369 1298 2424 retunde
1316 2369 1519 2441 dependendum.
1542 2368 1572 2429 in
1587 2370 1647 2426 aliis
1661 2384 1741 2442 porro
1751 2369 1804 2427 hoc
1818 2370 1931 2427 uerbum

277 2462 530 2535 tavteenrappaait
766 2487 770 2493 ,
1128 2462 1234 2533 penitus
1249 2462 1383 2520 sublatum
1396 2474 1448 2521 est.
1462 2463 1554 2535 Neque
1573 2464 1637 2521 illud
1655 2464 1733 2523 ualde
1746 2466 1929 2523 necessarium
2019 2532 2020 2547 χ

301 2554 471 2627 Ἰιιειιοιιιιιι
492 2553 612 2611 meando
634 2551 817 2611 Tertullianus
837 2570 844 2607 ι
865 2553 896 2609 ait
916 2570 984 2607 nunc
1007 2552 1078 2609 lleus
1128 2552 1253 2620 uidetur,
1272 2555 1295 2611 si
1318 2553 1401 2611 serim
1421 2554 1638 2628 eapuupendum,
1654 2556 1690 2613 ihi
1709 2571 1725 2611 a
1743 2555 1925 2624 Tertulliano,
2020 2577 2021 2592 ι

276 2662 328 2701 nau
349 2645 424 2701 aliter
446 2645 596 2713 destinauit,
619 2661 695 2712 queas
719 2644 866 2717 praedicauit
891 2643 1075 2716 (toramen,
1127 2644 1197 2701 sicut
1210 2644 1272 2701 alihi
1285 2683 1294 2712 ,
1309 2656 1337 2701 et
1355 2646 1390 2704 ah
1402 2646 1462 2703 aliis
1476 2647 1658 2719 scriptoribus
1672 2659 1792 2705 sarriatur
1805 2665 1854 2719 pro
1869 2666 1927 2721 per·

276 2738 435 2809 Apolapet.,
451 2736 502 2793 col.
517 2736 573 2803 tt,
589 2753 650 2809 pap.
666 2736 727 2807 ιδ),
742 2736 768 2791 in
784 2736 869 2791 saeris
893 2735 1018 2793 rairrrirum
1029 2780 1036 2803 ‚
1049 2748 1077 2792 ιιι
1127 2735 1286 2793 soluendum.
1307 2736 1360 2795 Sed
1379 2740 1401 2795 si
1421 2739 1455 2795 ah
1472 2754 1506 2796 eo
1518 2742 1664 2812 accipiatur
1678 2756 1728 2813 pro
1741 2740 1881 2798 reddenda
1894 2740 1927 2797 ab

275 2845 359 2901 supra
379 2828 547 2897 rrotasimus,
563 2827 723 2901 scripturis,
737 2829 812 2885 ubia
831 2838 1000 2886 sestatartum
1015 2844 1077 2887 esse
1128 2828 1284 2887 homiuibus
1305 2846 1417 2903 operum
1443 2846 1553 2887 suorum
1576 2846 1698 2899 suntme,
1723 2832 1927 2905 rationibusque

261 2923 402 2995 ,praedicat
431 2922 533 2981 homiui
559 2921 643 2983 semel
668 2921 856 2987 morienilum,
879 2920 1016 2993 semelque
1031 2938 1076 2979 re·
1130 2922 1336 2992 computandis,
1350 2934 1431 2995 atque
1444 2924 1629 2994 absoluersdis,
1646 2925 1756 2983 retineri
1769 2925 1851 2983 debet
1865 2942 1926 2983 uer·

275 3016 447 3089 surgendum.
1127 3015 1191 3071 hum
1225 3015 1291 3071 illutl
1329 3016 1545 3088 depellendoru,-
1573 3020 1608 3075 ita
1647 3027 1676 3075 ιιι
1707 3018 1752 3075 hie
1783 3020 1818 3075 sit
1854 3020 1926 3077 illius

312 3109 434 3180 lienique
453 3107 599 3180 respondet
619 3106 744 3165 hnmhtes
757 3105 820 3164 ideo
832 3121 993 3179 resurgere,
1008 3115 1038 3164 ιιι
1050 3109 1076 3162 lu
1128 3120 1225 3163 sensus
1244 3121 1252 3161 ε
1269 3108 1444 3165 restituentur
1473 3124 1569 3167 nrrrnes
1589 3093 1699 3169 omnino
1725 3112 1871 3181 lromlnes,
1899 3120 1927 3169 ut

194 3246 198 3252 .
275 3202 424 3257 immensum
445 3200 600 3269 aeternaitatis¹
613 3199 824 3272 perpetuitatem,
848 3199 980 3269 accipiant
1002 3198 1111 3279 quode
1128 3206 1336 3269 corriputentur,
1356 3201 1561 3269 examinentur,
1583 3212 1610 3259 et
1631 3202 1803 3259 absoluantur
1822 3214 1926 3261 ennete

274 3295 339 3352 mali
359 3303 407 3353 eut
427 3295 490 3351 boni
512 3293 540 3351 in
564 3294 616 3351 hac
628 3293 854 3351 visumensemnt
867 3290 965 3365 tillidi.
985 3294 1075 3351 Scnrcl
1128 3289 1191 3347 hum
1205 3292 1323 3362 malique
1344 3306 1439 3349 eurum
1455 3294 1543 3349 meriti
1556 3294 1695 3364 rationes,
1714 3310 1746 3351 ae
1761 3294 1859 3353 inatile
1879 3310 1927 3367 per

274 3389 356 3460 igitur
374 3389 474 3446 dehent
495 3387 529 3443 nd
551 3388 633 3445 uitam
657 3388 788 3443 reuocari.
813 3387 909 3443 Postea
932 3387 1005 3443 euim
1026 3402 1076 3447 nec
1132 3392 1216 3441 tetam
1228 3386 1405 3443 sterilitatem
1426 3385 1491 3443 illud
1508 3370 1839 3459 dependantaesolsaut,
1854 3388 1925 3462 quod

273 3494 348 3539 more
371 3481 443 3546 erit,
461 3495 512 3537 nee
525 3480 704 3547 resurrectio,
717 3478 766 3536 sed
776 3489 877 3536 amena
891 3480 955 3536 uita,
1085 3540 1086 3543 Ἴ
1125 3491 1175 3548 per
1199 3476 1270 3535 haue
1294 3478 1376 3535 sitam
1401 3489 1567 3537 meruerunt.
1592 3482 1628 3537 hs
1650 3480 1795 3539 Suetonius
1814 3482 1925 3539 verbum

310 3572 414 3631 belsiam
426 3590 491 3631 uero
505 3576 538 3631 iis
551 3575 631 3631 edam
645 3574 781 3644 οιιιιιιιι,
796 3575 841 3646 qui
855 3574 992 3646 olijectare
1002 3575 1074 3632 sole·
1126 3584 1255 3641 capturae,
1281 3570 1333 3627 hac
1354 3571 1471 3629 secunda
1495 3572 1690 3644 significatione
1712 3574 1869 3635 adhibuisse
1888 3578 1926 3634 ri·

273 3665 339 3723 hant
358 3666 416 3723 beri
440 3682 493 3722 non
517 3682 617 3739 posse,
641 3676 671 3723 ut
689 3682 788 3739 eorpus
810 3666 926 3725 hominis
941 3666 1076 3739 protunda
1126 3660 1225 3728 detur,
1241 3660 1285 3717 uhi
1300 3662 1335 3719 de
1347 3661 1459 3719 Claudio
1471 3662 1578 3721 Caesare
1591 3664 1717 3735 scripsit:
1734 3664 1798 3721 Cum
1810 3668 1925 3723 ιιιιιιιιιι

273 3761 460 3832 immensaeque
473 3760 541 3817 mari
551 3760 742 3827 submersum,
757 3759 895 3817 redactum
909 3759 936 3815 ia
948 3761 1072 3827 eineres,
1126 3768 1211 3809 ritum
1225 3764 1282 3809 ⁰⁰⁸⁰
1294 3765 1447 3827 &hilinum
1462 3756 1583 3826 (stultu
1600 3756 1626 3812 iu
1647 3754 1697 3813 Vil·
1706 3755 1816 3824 Giffltdit'·
1832 3756 1847 3830 i
1861 3759 1923 3831 ¹5),

273 3869 290 3907 a
313 3854 424 3921 hunnis,
450 3865 477 3911 et
497 3853 641 3924 aliqnando
662 3853 697 3911 nh
716 3852 870 3909 horninibus
894 3852 1073 3921 devotarum,
1125 3844 1152 3901 id
1167 3856 1220 3913 est,
1237 3857 1265 3903 ut
1278 3846 1386 3916 auaritiam
1401 3848 1589 3915 absentarunt,
1605 3848 1758 3917 ordinaret,
1773 3864 1804 3905 ac
1815 3864 1924 3922 eurupa-

275 3948 451 4017 ipsumideut
470 3946 615 4018 aliqnando
633 3945 862 4017 resurgentium
883 3945 952 4015 Dei,
967 3946 1072 4019 inquit,
1126 3948 1194 3995 intel
1216 3940 1325 4010 quittntn
1347 3956 1380 3997 ex
1402 3941 1518 3997 decuriis
1541 3944 1567 3996 in
1588 3942 1708 4013 judicum
1731 3957 1845 4001 numeru
1866 3960 1922 4002 ser-

273 4050 310 4097 ιιι
329 4040 548 4111 nihilumipsuns,
561 4040 635 4109 eujus
647 4049 671 4095 et
686 4037 788 4112 totana(
805 4037 873 4095 ibid.
884 4037 906 4113 ).
920 4039 987 4095 Cum
1001 4038 1073 4095 esaim
1128 4030 1207 4087 sonui
1231 4041 1331 4087 esseut·
1355 4030 1413 4089 flue
1439 4047 1548 4105 quoque
1575 4047 1672 4091 iuuant
1697 4034 1756 4093 habu
1782 4036 1924 4109 Papiniani

274 4130 348 4187 Deus
367 4133 456 4187 omnia
471 4147 504 4188 ρ,
520 4130 605 4188 „thim
616 4131 769 4199 creaveris,
794 4146 827 4189 ιο
847 4140 901 4186 ram
925 4134 963 4187 pet
985 4132 1073 4189 mig.
1126 4122 1206 4179 uerba
1223 4144 1229 4179 :
1244 4122 1286 4179 Ea
1300 4141 1377 4181 ceusu
1388 4125 1538 4182 desertionis
1550 4136 1652 4182 notulas
1664 4144 1694 4183 uc
1705 4129 1848 4199 restitutum,
1862 4140 1923 4206 tepr-

274 4224 367 4289 tentls,
381 4240 462 4296 quam
477 4240 530 4281 aori
543 4225 716 4290 exsistentis,
731 4232 760 4281 et
777 4224 854 4279 nihili
872 4224 908 4283 sit
928 4223 1072 4292 dominus,
1124 4218 1215 4288 auda,
1234 4220 1302 4289 quod
1327 4220 1354 4274 iu
1378 4219 1518 4275 desertione
1543 4220 1637 4291 luerit,
1663 4222 1798 4293 impendiis
1826 4240 1923 4293 eapien-

272 4326 362 4388 potest
398 4326 471 4373 certe
511 4317 720 4388 quodcumque,
750 4330 804 4387 quo
835 4316 884 4385 ipsi
923 4316 1072 4388 placuerit,
1124 4310 1373 4383 pitnrlllipestdib.
1389 4310 1483 4381 xutx,
1499 4314 1539 4369 tit.
1555 4314 1665 4388 antiq.
1679 4315 1726 4384 lb,
1742 4314 1921 4388 deseendit).

272 4406 354 4465 modo
373 4417 402 4465 et
425 4408 514 4465 lacere
533 4418 562 4467 et
583 4408 705 4467 rebcere.
731 4408 816 4465 Recte
839 4408 919 4480 igitur
940 4408 1004 4465 hinc
1028 4409 1073 4467 ille
1160 4402 1295 4475 Quidquid
1314 4419 1394 4474 porro
1413 4406 1449 4463 sit
1465 4406 1500 4461 de
1514 4408 1639 4465 naerens
1651 4408 1737 4467 nostri
1751 4424 1815 4467 rere
1830 4411 1921 4483 qenai·

204 4534 209 4547 .
273 4501 409 4557 carminuli
433 4498 613 4575 :lltiaunaqae
638 4501 764 4557 resolutas
788 4500 882 4573 tueris,
907 4518 1073 4573 quaecumque
1125 4495 1438 4566 naquelectionc.eerto
1452 4497 1561 4569 quidem
1574 4498 1674 4555 certius
1688 4498 1921 4569 essedocet„lore

271 4606 297 4653 te
309 4596 417 4651 materia
430 4594 598 4662 destruaerit,
615 4595 742 4659 hurault,
756 4593 1154 4671 obeleoerit,innihilum1)ut
1172 4589 1378 4661 exponebantur,
1392 4601 1422 4647 et
1441 4600 1565 4650 accurate
1579 4594 1766 4651 examinentur
1778 4595 1809 4661 ¹lu
1830 4594 1921 4649 ultiruo

272 4689 436 4763 prudeperit,
451 4687 538 4744 reddet
551 4698 576 4743 te
589 4686 600 4759 l
611 4686 680 4743 lbid.
696 4688 719 4759 ).
732 4686 786 4745 Sed
798 4703 848 4743 raas
869 4688 945 4759 plura
960 4688 988 4745 in
1003 4686 1072 4745 harre
1126 4683 1224 4740 Christi
1244 4683 1345 4754 judicio
1370 4684 1536 4757 singulorum
1564 4684 1704 4741 honrinmu
1727 4685 1831 4743 merita.
1852 4685 1922 4743 Ven-

271 4797 331 4839 rem
352 4783 378 4839 lu
391 4780 578 4855 superioribus
591 4782 692 4839 noshis
704 4782 938 4841 dissertationibus
953 4782 1074 4855 disputa·
1125 4782 1202 4833 turus
1221 4776 1292 4832 enim
1315 4785 1358 4834 est
1378 4776 1424 4834 ille
1445 4778 1503 4849 ipse
1517 4775 1641 4835 Cleristus
1653 4793 1713 4833 curm
1727 4780 1818 4848 orsini,
1840 4788 1870 4835 ut
1887 4778 1922 4834 ait

271 4875 359 4932 almas
374 4874 522 4947 (nimias.
536 4876 564 4931 iu
579 4874 674 4931 diunt.
694 4873 786 4930 Oetae.
807 4891 866 4946 cap.
881 4875 907 4948 t,
922 4885 973 4932 art.
989 4874 1026 4944 ι,
1049 4884 1074 4931 et
1125 4867 1323 4935 Tertullianus,
1347 4868 1494 4927 divinitatis
1523 4870 1609 4941 pluria
1635 4879 1663 4929 et
1691 4870 1849 4943 majestate,
1874 4885 1921 4927 mcc

272 4966 406 5025 intererrat,
421 4970 449 5025 ιη
461 4968 597 5035 Luciam„
612 4984 670 5040 cap,
685 4967 741 5035 28,
754 4977 805 5026 are,
817 4968 857 5039 ι).
1125 4976 1178 5016 aron
1200 4978 1257 5017 curu
1271 4963 1347 5017 totius
1369 4962 1456 5017 usundi
1471 4972 1556 5029 motu,
1578 4976 1631 5033 quo
1652 4978 1718 5019 satie
1736 4964 1920 5029 subvertetur,

1124 5070 1182 5109 euos
1197 5054 1301 5109 lacerare
1316 5052 1400 5121 ordis,
1417 5070 1475 5111 cunt
1495 5055 1598 5127 plurimu
1617 5057 1750 5124 oninium,
1774 5055 1920 5113 iulidelium

560 5200 567 5211 ,
651 5197 657 5210 .
795 5196 802 5209 .
925 5196 932 5209 .
1122 5146 1371 5213 etsecleratorum,
1392 5147 1438 5201 sed
1457 5163 1508 5204 non
1531 5148 1727 5213 pleriuianornm
1749 5144 1918 5223 (Tertullian.

273 5196 330 5269 Quo
343 5207 454 5269 tenrpore
472 5208 566 5254 sumtus
587 5199 701 5253 leonrrues
724 5196 759 5251 ud
778 5206 855 5252 urtam
876 5200 1069 5267 maternarum,

323 5292 329 5302 .
594 5284 599 5292 .
732 5291 762 5302 ..
1123 5240 1328 5312 dpalopet.cnp.
1348 5240 1401 5305 bb,
1422 5239 1549 5313 ccliii),
1567 5240 1919 5311 bdeliunr,sidelicet‚qui

305 5300 443 5394 ”uimque
455 5308 482 5350 κ
495 5300 604 5397 ΨΜ
617 5288 666 5346 ⁰⁶¹
681 5291 795 5394 ''sdww’
817 5299 841 5344 α
864 5290 990 5360 q¹⁸⁰m⁰d⁰
1006 5288 1070 5395 Tes'
1123 5334 1165 5405 pue
1180 5334 1325 5403 sericisque
1340 5332 1475 5388 aixerunt.
1493 5333 1530 5389 [le
1550 5330 1601 5389 hoe
1618 5343 1708 5389 autem
1721 5330 1920 5404 extremojudi-

306 5383 429 5439 tullianus
447 5384 605 5438 etluuecruns
621 5383 653 5438 de
669 5381 758 5438 Merene
773 5391 796 5437 et
816 5382 997 5438 Rhadamanto
1011 5398 1069 5455 opr-
1122 5425 1164 5481 eiu
1177 5423 1233 5497 iam
1244 5424 1307 5479 alibi
1321 5423 1498 5481 disseruimus
1506 5424 1615 5495 (Dim.
1626 5423 1652 5479 in
1667 5423 1727 5479 Lac·
1737 5442 1759 5480 c·
1768 5424 1850 5495 m·
1863 5422 1917 5495 m·

305 5476 421 5531 trientibus
435 5476 566 5547 ccrrfirsrret
579 5477 691 5533 ouinimu
704 5475 898 5549 amatamque
911 5476 1002 5534 merita
1015 5488 1068 5532 tum

304 5567 484 5624 martinatsde.

576 5098 724 5142 anniculis
736 5100 776 5139 tlt.

1161 5516 1214 5575 Sed
1226 5516 1260 5573 ab
1273 5515 1389 5573 ethnicis
1399 5516 1522 5581 ridemur,
1535 5517 1620 5591 iuquit
1632 5516 1720 5572 adime
1729 5516 1917 5582 Tertullianus,

1122 5610 1223 5677 Druna,
1243 5624 1324 5682 quem
1343 5618 1420 5667 autea
1444 5609 1583 5668 Christum
1604 5609 1803 5683 appellaverat,
1825 5608 1918 5681 prudi-

218 5705 222 5710 '
304 5706 447 5778 Postquam
460 5704 638 5763 Terhtllisnus
655 5704 716 5775 his,
729 5722 791 5780 qua
807 5708 1062 5779 esposuimtrs,ra·
1121 5712 1207 5761 cautes
1224 5703 1402 5778 judicaturum
1423 5702 1434 5776 (
1446 5702 1600 5761 Tertulliou.
1623 5701 1757 5776 Apolopet.
1785 5718 1843 5775 rep.
1863 5698 1916 5765 tt.

269 5796 371 5857 tisuunr
396 5790 540 5857 dometius
563 5798 749 5869 comprobavit
775 5798 893 5859 laturum
920 5798 1069 5872 cujuslibet
1121 5796 1284 5873 schmitt
1300 5794 1917 5873 machineirlqldamimisiouemuousptlcs,
