4084 6334
149 297 205 361 ῃ,
261 356 264 359 ,
695 288 924 355 nnssrraste
938 286 974 349 a.
991 289 1039 362 te
1057 292 1212 359 nouam.
1742 306 1799 387 asu

144 419 278 493 qucbatur
289 417 399 477 turmot
416 415 534 487 impetus
544 414 655 489 ingenii,
672 412 820 473 acutissimi
834 413 943 487 quidem
956 407 984 471 t
996 409 1145 483 ignoratur,
1170 425 1199 471 et
1221 415 1335 488 ipsamet
1349 418 1467 481 auctoris
1483 420 1585 495 scripta
1610 424 1798 489 manilestissi·

143 523 172 573 et
193 511 330 583 acerrimi,
349 510 399 569 sed
423 524 477 567 neu
497 510 587 568 miuus
606 511 695 584 asperi
716 525 749 567 ac
765 509 941 567 uehementis.
994 518 1069 560 mum
1083 506 1207 565 omnibus
1218 506 1329 567 lucium.

143 606 313 679 Quapropter
325 604 491 676 Hieronymo
505 612 638 661 uocatur:
661 602 729 660 emis
750 610 774 659 et
791 602 943 659 rehericuria
1030 597 1065 653 lt
1084 604 1289 669 praetermittere
1317 614 1405 665 tamen
1428 622 1482 665 non
1506 624 1649 681 pessumus
1664 612 1799 687 singulare

142 700 239 773 isqcrii
251 700 290 755 eir
305 697 476 771 (llierenym.
489 696 610 771 catalog.
622 698 715 770 script.
727 696 803 755 Eecl.
820 712 880 769 cap.
894 697 940 767 ii,
993 689 1128 760 quoddam
1142 693 1301 752 eruditionis
1311 711 1406 769 gertus,
1421 700 1493 772 quod
1506 702 1546 759 bis
1561 702 1693 763 Eusebius
1707 706 1799 766 uerbis

142 808 206 868 Μ,
221 794 295 867 usp
313 796 349 870 qq
361 794 486 865 qumvis
499 791 527 849 iq
540 792 684 862 memmei,
701 790 797 852 aarum
812 799 841 849 et
853 790 941 867 impr.
993 782 1021 839 iu
1054 784 1220 875 Tertulliano
1243 787 1382 847 laudauit:
1399 798 1580 864 Temenitem
1603 805 1657 860 ste.
1682 790 1800 869 eupator

142 886 433 959 utensitnusiuqemum
440 883 941 959 passimubiqueiuojuslucubratleni·
992 879 1075 948 airon
1086 886 1230 951 tertiare..
1244 885 1346 953 iurene
1355 906 1383 939 m
1395 890 1458 941 itte
1476 890 1566 953 triete.
1580 892 1621 945 aul
1634 898 1799 961 sospitem

142 980 193 1038 bus
210 980 318 1039 emicat.
340 980 411 1049 Quid
431 995 497 1053 ergo
509 979 619 1045 mirum,
633 979 657 1037 si
668 978 713 1037 ille
727 980 796 1035 iutra
807 978 941 1051 legitimos
992 976 1033 1029 iri
1051 980 1138 1045 Ρώμης
1153 984 1267 1049 temper
1288 977 1411 1048 (Euseb.
1438 978 1487 1035 lib.
1511 980 1543 1037 ll.
1569 982 1670 1043 llistor.
1693 986 1797 1045 Euclea.

141 1073 290 1145 patientia,
301 1072 527 1141 mausuetudinis,
538 1086 570 1129 ac
582 1070 775 1131 moderationis
787 1072 887 1129 limites
894 1086 941 1129 se·
992 1078 1054 1139 sap.
1064 1066 1094 1134 i,
1109 1080 1169 1139 paq.
1185 1068 1273 1139 ll),id
1284 1078 1336 1139 est,
1352 1068 1461 1127 ialesio
1476 1073 1622 1146 interprete
1637 1094 1645 1133 ε
1663 1076 1800 1137 Tertullia-

141 1178 172 1223 se
184 1166 325 1223 continere
338 1165 436 1238 stepius
447 1180 501 1221 non
514 1165 652 1237 potuerit?
668 1164 704 1222 Et
716 1164 775 1237 ipse
797 1173 871 1222 certe
886 1174 940 1223 tam
995 1174 1044 1214 11111
1072 1157 1157 1231 herm
1180 1158 1356 1217 flentenattsm
1377 1164 1555 1234 peritissimus,
1578 1176 1602 1223 st
1620 1168 1687 1225 inter
1707 1171 1799 1229 lulinm

140 1257 259 1324 sineere,
279 1273 359 1331 quam
379 1258 627 1331 poenitentiarium
641 1258 729 1331 palam
743 1257 941 1317 contempsisse
992 1253 1129 1325 scriptor-er
1148 1253 1336 1313 subierimus.
1352 1257 1455 1315 l'alesio
1470 1257 1638 1331 lunqcanuea
1654 1265 1799 1333 proiceret

139 1366 171 1410 se
190 1352 329 1425 patientia
347 1354 447 1410 vir-lule
472 1368 526 1409 non
541 1353 653 1409 omnino
673 1351 756 1411 [uiae
788 1354 938 1424 preditum.
991 1344 1106 1405 Rufinus
1119 1347 1243 1407 eumdem
1258 1364 1326 1423 pene
1345 1350 1518 1410 immodum:
1538 1354 1712 1413 Tertullianus
1724 1360 1762 1415 bt't'
1775 1370 1799 1417 si

139 1444 273 1502 llisouim
285 1461 365 1503 suum
385 1444 420 1503 de
441 1444 536 1502 eadem
564 1445 692 1517 patientia
713 1443 812 1503 librum
835 1445 940 1505 orditur
991 1441 1086 1516 bpntrt,
1098 1442 1194 1514 iuquit,
1206 1444 1797 1525 etittrtitutienunllemsnernmperitissimus,

140 1538 252 1594 uerbis:
267 1536 396 1609 Genitm
408 1540 442 1593 ud
454 1536 595 1593 Demittunt
609 1535 694 1593 disum
703 1538 768 1595 setis
780 1548 873 1595 temere
885 1555 938 1613 rte,
993 1544 1017 1590 et
1028 1535 1095 1591 intes
1106 1545 1206 1593 nestros
1216 1534 1354 1610 scriptes'es
1364 1539 1503 1597 admodum
1516 1541 1691 1616 circumlini„
1701 1544 1796 1614 titii,

138 1630 223 1688 siner
234 1632 312 1687 etiaas
323 1631 483 1703 impudenter
492 1630 526 1687 tie
541 1631 663 1704 patientie
675 1648 825 1703 sermonem
836 1648 937 1701 susurr,
991 1626 1052 1684 lust.
1068 1625 1181 1699 Eccies„
1195 1646 1253 1703 cup.
1268 1629 1307 1703 i).
1320 1636 1342 1687 tl
1354 1646 1419 1688 rere
1431 1643 1521 1690 autem
1542 1636 1619 1708 longe
1632 1638 1740 1707 absunt,
1752 1642 1797 1713 qui

137 1723 179 1778 etti
190 1722 346 1794 prosternite
353 1724 461 1779 mersus
471 1725 573 1779 omnine
588 1740 640 1780 rer
653 1740 721 1792 sunt,
734 1734 764 1780 ut
782 1725 860 1782 ieme
876 1723 938 1781 nul·
990 1718 1055 1780 inde
1069 1720 1194 1779 concludi
1215 1738 1295 1794 posse
1309 1733 1452 1781 autumant
1464 1726 1659 1785 Tertullianum
1675 1738 1797 1789 nusttum

137 1814 188 1871 iius
199 1815 269 1885 lteri,
293 1816 397 1888 quentin
414 1824 531 1885 operteat
551 1817 803 1885 damnanationem,
823 1826 847 1875 st
867 1834 938 1875 cest-
953 1815 978 1878 B
991 1812 1161 1885 prolessioue
1172 1829 1220 1871 sua
1230 1814 1313 1873 luisse
1321 1816 1555 1890 jurisconsultum,
1567 1836 1682 1896 eamque
1696 1826 1798 1897 ipsum·

137 1910 324 1965 tttendmiettem
342 1909 454 1983 alieuius
468 1910 506 1965 rei
519 1911 633 1977 edentes,
645 1911 716 1981 ipses
731 1910 805 1982 prius
816 1912 843 1965 in
855 1910 940 1965 adtui-
991 1915 1048 1963 met
1059 1919 1120 1963 esse
1133 1906 1339 1981 Tertyllianum,
1350 1911 1395 1982 qul
1405 1926 1497 1968 reuera
1511 1912 1584 1985 leges
1593 1914 1798 1985 publieedoeuit

137 2000 356 2071 motionesjus
369 2000 581 2071 rndspreierdi,
594 2010 620 2057 et
638 2002 805 2057 sernmnium
824 2018 939 2061 certese-
991 2006 1020 2055 et
1032 1998 1231 2070 ,interpretatus
1245 2010 1300 2059 cst.
1324 2002 1389 2058 Nam
1404 2013 1517 2076 uterque
1537 2008 1653 2079 propriis
1674 2009 1730 2066 suis
1749 2028 1797 2071 ne·

137 2096 216 2151 nertii
234 2098 346 2167 propre
362 2096 562 2160 serenantieris
588 2096 741 2151 cucumam
766 2097 886 2169 diripere,
907 2114 940 2153 tte
990 2090 1110 2147 minibus
1135 2094 1203 2149 satis
1227 2092 1410 2167 distinguitur.
1426 2098 1528 2157 lleiude
1543 2114 1610 2156 rere
1624 2103 1797 2173 quisuesciat

137 2185 206 2243 meta
229 2189 306 2259 {sens
330 2188 505 2260 ermonem
526 2187 677 2247 erubescent
701 2187 824 2263 (Termi.
840 2189 938 2247 lib.ds
991 2183 1212 2257 pessealtquem,
1225 2186 1331 2259 juribus
1346 2188 1503 2261 legibusque
1525 2192 1706 2251 Romanorum
1728 2196 1794 2255 alla-

140 2276 381 2354 Patieut.cap.ll.
991 2277 1040 2334 tim
1063 2278 1164 2346 imbul;
1191 2281 1297 2337 tametsi
1311 2281 1424 2339 ¹illorum
1448 2285 1587 2343 scientiam
1610 2302 1747 2359 nunqnam
1768 2290 1795 2347 io

135 2395 141 2426 t
174 2370 275 2428 Verum
287 2374 311 2430 si
325 2374 445 2431 acriores
456 2374 538 2431 animi
559 2374 675 2445 impetus
688 2376 787 2432 virtute
804 2373 938 2447 patientta
991 2370 1094 2429 scholis
1106 2373 1219 2443 publicis
1229 2374 1368 2446 protessus
1377 2375 1542 2434 lueritiliuu
1558 2379 1594 2435 ibi
1606 2379 1696 2453 itaque
1709 2380 1795 2441 Euso-

136 2466 263 2537 mitiqare
273 2482 328 2525 nen
338 2482 447 2539 semper
456 2468 550 2536 ualuit,
567 2468 677 2539 ingenie
690 2478 763 2527 eet-te
773 2468 938 2542 pollebatad
989 2465 1052 2523 bins
1064 2466 1223 2523 Tertulliani
1250 2466 1444 2541 professionem
1460 2470 1563 2539 medat,
1578 2472 1625 2531 sed
1645 2476 1793 2546 perlectam

136 2559 286 2631 quotalibet
299 2560 447 2631 {seientiam
465 2559 937 2634 iacileconsequeudamaptissimo.
995 2558 1086 2631 legum
1108 2559 1289 2617 Romanarum
1302 2562 1451 2621 doctrinam
1463 2574 1544 2636 atque
1559 2567 1692 2640 peritiam.

138 2652 274 2721 Quantum
296 2653 617 2732 reroomuieruditionis
635 2670 736 2727 uertere
750 2655 936 2726 abundaverit,
1029 2650 1082 2709 Tar
1109 2661 1189 2707 tantm
1218 2652 1290 2709 illius
1324 2654 1469 2711 eruditioni
1503 2664 1639 2715 nouerat
1666 2659 1793 2719 elocutio.

136 2757 170 2801 er
184 2744 226 2800 iis
243 2745 348 2816 cmtjice
361 2744 492 2803 vincentii
505 2744 655 2805 Lirinensis
668 2748 759 2805 verbis
773 2747 866 2803 :Sicut
878 2748 939 2807 (iri-
990 2742 1095 2816 AEquos
1109 2754 1240 2803 autumet
1254 2745 1366 2805 idoneos
1380 2762 1411 2805 ea
1426 2747 1460 2805 de
1479 2763 1510 2805 te
1521 2750 1627 2820 iudices
1646 2754 1669 2809 si
1689 2752 1795 2811 desido-

135 2852 211 2909 ῥέπει
230 2838 300 2909 opud
312 2836 425 2907 Groecuu,
435 2840 471 2893 t'ta
479 2840 522 2894 irie
533 2840 603 2911 apud
612 2827 718 2896 Lemnos
730 2850 873 2897 nestrorum
884 2859 938 2899 ens·
991 2850 1050 2904 rili,
1066 2838 1094 2893 iu
1108 2836 1154 2895 tibi
1165 2847 1266 2911 pressio
1284 2850 1324 2895 est
1342 2839 1485 2908 Lacitniii,
1497 2843 1542 2913 qui
1550 2836 1655 2901 'Cicero
1668 2846 1793 2903 cltrislie·

135 2932 207 2987 nium
221 2932 298 3004 sanie
316 2934 435 3005 princeps
449 2935 609 3007 indicendus
637 2947 685 2991 sat.
710 2936 779 3005 Quid
802 2940 869 2993 erist
889 2938 938 2995 itec
989 2944 1041 2987 stus
1053 2930 1140 2999 audit,
1154 2930 1285 3003 judicium
1305 2951 1311 2987 :
1328 2932 1469 3004 Septimius
1483 2934 1656 2993 Tertullianus
1666 2940 1714 3011 snit
1725 2940 1795 2997 emut'

135 3027 190 3083 rire
215 3028 336 3085 dectinet
359 3030 429 3099 Quid
450 3031 477 3087 in
504 3031 597 3089 dirim’s
623 3041 699 3106 nique
723 3034 842 3090 bremonis
863 3034 937 3093 reitts
987 3026 1235 3097 iiiiiisl'u‘fmm
1255 3026 1361 3097 11111111,
1374 3027 1457 3082 114111
1472 3026 1612 3101 ‘immi'
1626 3034 1793 3104 iifllml‘l‘l·

135 3120 315 3178 saercitetitts?
327 3121 429 3196 Nempe
447 3140 547 3179 emnem
566 3124 766 3196 pbiiesepbiem,
784 3135 809 3181 et
832 3135 937 3186 cunetas
989 3117 1031 3185 iis,
1044 3118 1163 3175 elmiruu
1173 3131 1300 3190 comptas,
1312 3130 1336 3176 et
1346 3121 1454 3176 muitum
1466 3121 1729 3191 eisenrutllnetmtt.
1745 3125 1792 3183 lib.

136 3212 348 3285 philosopherum
368 3224 470 3282 uetes,
497 3225 612 3272 eructem
642 3225 830 3289 maioresque
850 3220 932 3273 secu·
947 3210 971 3275 C
987 3209 1020 3265 V.
1033 3208 1665 3288 litsl.tlit·ilt.cap.l,pag-459b2Neqiledixeris
1680 3218 1793 3277 iltibac·

133 3319 201 3371 snm,
216 3322 353 3376 cruraque
365 3322 454 3362 eornm
472 3306 632 3377 disciplinas,
647 3322 747 3363 emnem
768 3308 934 3363 bisteriururu
989 3302 1103 3372 tantinum
1118 3304 1189 3373 loqui
1204 3304 1237 3359 dc
1251 3304 1413 3363 Tertulliani
1424 3307 1705 3381 potiuslpoluqetlce,
1719 3310 1793 3367 aliis·

133 3398 321 3453 sestudierutr
343 3399 489 3453 resisterent
509 3399 575 3454 mira
592 3397 806 3468 qssdsmmertir
829 3401 933 3471 cuprei-
985 3412 1038 3468 que
1058 3396 1134 3453 libris
1147 3397 1278 3454 aduersus
1302 3401 1424 3457 etltuiees
1448 3400 1565 3473 seriptis,
1586 3418 1665 3473 quam
1687 3405 1792 3479 caeteris

134 3498 187 3543 tete
209 3488 358 3559 compleant
378 3498 425 3545 est.
440 3488 550 3562 qusnio
562 3505 620 3547 rere
638 3504 723 3565 nenne
740 3501 793 3548 tem
813 3493 886 3564 musi
902 3509 934 3549 sc
984 3490 1044 3560 ejus
1066 3489 1203 3562 operibus.
1213 3490 1319 3549 Etenim
1331 3494 1425 3552 eadem
1438 3495 1645 3569 estllieronymi
1660 3498 1694 3555 de
1706 3499 1793 3555 omni·
1814 3490 1822 3502 '

134 3581 276 3637 venementi
293 3581 430 3648 mestraim
450 3592 478 3638 st
501 3583 567 3639 niltii
586 3569 636 3639 aba
656 3600 720 3655 pene
737 3584 933 3658 sdespuqttsr·
986 3580 1036 3637 bus
1061 3580 1133 3637 llllus
1146 3585 1421 3641 commentationibus
1443 3588 1589 3655 sententia,
1616 3603 1695 3660 quam
1718 3588 1793 3647 bisce

134 3676 198 3733 dum
210 3680 370 3750 preposuerit
384 3722 392 3749 ,
404 3680 473 3751 qued
485 3696 538 3737 nen
547 3691 594 3737 eut
606 3682 724 3739 ectttrirte
738 3682 877 3755 irruperit,
888 3689 933 3737 snt
985 3674 1157 3748 paucioribus
1177 3678 1267 3733 verbis
1291 3678 1490 3751 pronuntiauit:
1508 3678 1682 3738 Tertullianus
1706 3683 1792 3740 creles

134 3772 452 3843 penderseiiseritiism‘
466 3790 544 3846 perse
565 3776 688 3831 erationis
710 3792 765 3832 sttoe
776 3776 866 3831 leudes
876 3778 933 3850 quis
985 3784 1022 3830 est
1039 3774 1065 3829 in
1075 3774 1217 3841 sententiis,
1229 3774 1274 3830 sed
1293 3776 1402 3847 difficilia
1423 3775 1450 3829 ir
1469 3774 1609 3847 eloquenda
1622 3774 1789 3851 (lliurettym.

133 3868 237 3938 sesequi
255 3866 361 3923 ementi
374 3868 440 3937 Quae
450 3878 524 3925 terto
536 3868 620 3925 retem
634 3884 685 3941 que
699 3870 827 3926 sasierunt
845 3886 932 3927 tanes·
984 3866 1071 3939 Epist.
1101 3866 1149 3923 ts.
1173 3866 1209 3922 ad
1224 3865 1329 3925 Paulin.
1345 3884 1404 3944 paq.
1432 3868 1508 3943 567).
1531 3869 1617 3926 liemo
1632 3882 1722 3927 autem
1738 3880 1789 3943 est,

132 3958 209 4015 ritate
219 3970 336 4018 cenante
355 3971 403 4029 eat,
428 3970 457 4018 ut
473 3962 508 4016 ed
529 3962 738 4032 cersersumsui,
752 3978 815 4035 qttea
826 3963 934 4021 suadem
983 3962 1030 4034 qul
1044 3968 1133 4017 notata
1149 3960 1182 4017 ab
1193 3968 1308 4033 utroque
1321 3962 1450 4017 strationis
1465 3961 1593 4031 diillcilis,
1609 3962 1752 4034 inerrata,
1762 3975 1790 4024 et

133 4066 185 4106 nen
198 4058 317 4121 potuerit,
338 4051 559 4127 impetiendam
570 4063 630 4125 quet
644 4070 708 4127 perc
718 4054 804 4123 reris,
825 4064 862 4109 tet
879 4070 935 4111 aer·
984 4052 1151 4112 obscurioris
1165 4053 1230 4109 uitia
1245 4068 1298 4109 nen
1313 4048 1402 4110 statim
1416 4052 1610 4124 deprehendat.

134 4148 297 4216 semiesum,
312 4157 479 4220 qaetmrsus,
502 4148 669 4205 tetrietetite.
689 4147 782 4207 Sciunt
796 4148 844 4205 itee
857 4148 933 4207 ller-
1019 4147 1072 4205 Alii
1098 4164 1162 4205 roro
1186 4146 1388 4221 reprehendunt
1410 4148 1598 4221 inaequabilem
1611 4164 1715 4219 eorum,
1730 4152 1790 4223 qui-

133 4242 229 4308 eienes,
249 4241 359 4313 Apsum,
376 4240 494 4312 Praesta,
512 4242 693 4316 llesmeqenes,
706 4243 804 4310 iudei,
820 4243 933 4302 Gentiies
983 4243 1035 4301 bus
1048 4243 1092 4301 ille
1114 4244 1206 4312 utitur,
1230 4252 1449 4316 argumentorum
1472 4247 1640 4303 varietatem.
1656 4246 1790 4305 Grauissi-

134 4334 258 4404 Gnoson,
274 4336 417 4408 solmone,
440 4352 548 4405 ererum
559 4336 604 4392 ilie
615 4337 787 4407 ilespltertias
803 4339 933 4395 mainsuc
986 4337 1039 4392 mis
1053 4335 1186 4408 siquidem
1202 4346 1229 4393 et
1243 4336 1437 4404 invictissimis,
1462 4338 1601 4411 inquinat,
1617 4349 1789 4411 argumenta·

132 4430 233 4504 mnqnis
252 4429 410 4485 uoluminum
428 4446 533 4487 suerunt
558 4431 676 4498 mollius,
698 4432 764 4487 reiut
781 4434 932 4503 quidusdam
987 4428 1107 4486 tionibus
1134 4429 1226 4502 plures
1250 4428 1340 4499 alias,
1365 4429 1507 4501 rapidioris
1542 4432 1642 4503 ingenii
1665 4432 1789 4489 acumine

133 4522 284 4598 futtttlribus
303 4524 390 4579 mersit
411 4524 553 4593 (vincens.
575 4524 659 4581 Lirin.
675 4524 869 4585 commonitor.
885 4527 929 4599 1),
983 4520 1158 4593 excogitatas,
1181 4520 1344 4593 quandoque
1373 4522 1549 4589 intermiscet,
1577 4538 1637 4596 quas
1661 4524 1788 4584 levissimi

132 4615 186 4674 sed
220 4612 303 4671 tantis
324 4612 448 4671 trudibus
472 4614 544 4670 tilam
566 4616 637 4673 baud
660 4614 742 4673 dubie
761 4610 1031 4690 muraenambaut
1045 4612 1145 4669 nulllus
1158 4613 1236 4683 plane
1249 4616 1466 4672 suntmomcnti.

133 4708 294 4768 Tertulliani
304 4708 483 4766 cruditionem
494 4707 623 4777 cumulat,
634 4723 686 4781 qua
703 4709 732 4766 iu
745 4711 839 4783 primis
849 4712 933 4769 libres
1021 4707 1058 4761 At
1072 4704 1194 4776 plerique
1208 4720 1304 4763 omnes
1319 4706 1437 4763 latentur
1451 4708 1515 4765 illud
1530 4709 1656 4770 uitiosum
1672 4710 1731 4769 site
1745 4711 1788 4768 di·

131 4818 197 4862 suos
214 4802 242 4859 in
267 4800 421 4859 cbrmdanae
443 4794 592 4874 religionis,
607 4810 635 4859 et
647 4802 859 4860 orthodoxorum
880 4802 932 4861 ἀοι
984 4798 1074 4865 cendi,
1085 4798 1143 4855 sire
1156 4800 1361 4871 argumentandi
1372 4815 1471 4875 guttas,
1488 4802 1572 4859 siottbl
1588 4813 1721 4874 occurrat,
1738 4806 1788 4862 ml·

132 4907 251 4970 qmamm
273 4894 461 4954 deiensionem
483 4893 600 4965 scriptos
623 4894 725 4967 passim
743 4895 841 4969 ubique
864 4911 932 4955 con·
984 4892 1055 4949 muti
1067 4906 1177 4965 prorsus
1186 4893 1379 4950 sententiarum
1390 4894 1707 4969 qratiam‚sumntaque
1721 4898 1787 4955 alie·
1822 4936 1826 4945 -

132 4990 239 5062 speruit.
254 4989 435 5058 Quatrobrem
456 4996 554 5059 prater
576 4986 724 5045 Eusebium
746 4998 773 5045 et
792 4987 940 5061 Ruinam,
984 5000 1045 5041 rtttn
1061 4994 1280 5057 argumentorum
1291 4985 1358 5057 uiae
1372 4984 1500 5057 pondere,
1508 4988 1584 5059 qnasi
1594 4988 1662 5047 mira
1673 4990 1787 5061 quadam

130 5081 187 5155 iam
201 5099 218 5139 a
231 5085 308 5142 nobis
331 5087 438 5156 citatos,
459 5086 581 5158 aliosque
607 5084 772 5156 complures,
787 5086 823 5143 ab
836 5086 932 5144 ilioru-
949 5102 954 5109 ·
982 5076 1214 5149 compensatione,
1227 5076 1304 5135 leniri
1320 5087 1348 5135 et
1363 5078 1498 5136 resarciri.
1509 5074 1544 5135 Et
1559 5081 1658 5139 verosi
1669 5080 1786 5141 Vincen-

133 5192 217 5250 nymo
236 5179 384 5249 appeltam
403 5183 443 5237 aar
464 5165 660 5253 martenam
671 5180 839 5255 (flieronym,
868 5181 931 5239 aar,
982 5173 1051 5231 bum
1066 5172 1786 5249 lirinensemmenomttinoincptttmjudlcem,jama

132 5270 214 5343 vigil.
229 5286 291 5343 pag.
302 5273 357 5332 aar
369 5278 398 5332 aa
409 5276 488 5348 epist.
503 5276 549 5334 83,
568 5276 604 5333 ,p
616 5276 685 5349 apg,
700 5291 762 5349 pag,
784 5277 860 5350 056),
877 5292 933 5349 quo
982 5265 1062 5322 nobis
1072 5266 1193 5335 citatum,
1203 5265 1471 5325 rursusaudireuelis
1483 5284 1489 5321 :
1500 5266 1786 5342 Terte,inquit,rsseie

133 5362 243 5434 quidem
253 5362 320 5419 nibil
331 5375 373 5422 est
385 5368 524 5433 eruditius,
540 5376 567 5425 et
582 5369 696 5426 acutius.
710 5368 741 5425 ln
760 5370 820 5441 ipse
829 5378 930 5439 autem,
982 5360 1528 5433 1111111111111111111111111111111111,
1560 5375 1676 5421 11111111
1689 5373 1786 5434 111,111

130 5453 167 5512 de
190 5468 246 5526 que
268 5468 340 5511 nune
368 5456 546 5529 disputamus,
575 5462 657 5533 ipsius
685 5461 860 5535 Apologetiee
872 5471 931 5537 ,Aet
981 5452 1017 5507 111
1030 5451 1784 5529 1111111111111111111111111111111111111111111.1111111111·

131 5548 193 5606 aliis
216 5546 345 5604 advorsus
366 5557 461 5621 pentes
476 5550 574 5609 libellis
586 5552 613 5610 id
626 5554 742 5612 emicare
755 5554 828 5613 baud
849 5555 929 5613 dubi·
981 5546 1062 5619 011111
1071 5556 1132 5619 quet
1142 5561 1206 5616 111111
1214 5544 1299 5615 11111,
1311 5553 1347 5600 111
1360 5546 1490 5602 1111111111
1507 5558 1578 5615 111111,
1593 5558 1654 5621 quet
1676 5567 1782 5621 11111111,

131 5649 222 5697 tanter
244 5636 370 5695 aliirmat.
389 5639 486 5712 Operm
505 5642 586 5715 igitur
606 5657 718 5715 prorsus
733 5645 837 5704 trumba
859 5626 930 5705 iores
979 5651 1018 5697 tet
1031 5642 1152 5699 metente.
1166 5640 1232 5697 Εαπι
1247 5654 1312 5697 sane
1324 5639 1360 5697 eb
1381 5653 1490 5697 causam
1504 5640 1560 5709 ille,
1576 5642 1655 5700 sicuti
1676 5644 1785 5703 alebant

127 5731 193 5799 laets
211 5729 397 5790 sicundaeie:
409 5740 478 5801 tour,
496 5732 649 5807 tillusttium
669 5736 818 5811 ,cujuslibet
841 5738 927 5798 etatis
976 5735 1107 5811 §uranici
1119 5732 1387 5793 Euseblauiaacter:
1403 5732 1524 5793 Omnium
1536 5734 1711 5795 Ecclesiurnm
1725 5734 1782 5795 s'er·

126 5823 926 5915 «nimisnimtis-mentiarirmaienmim
975 5824 1323 5910 merentium
1339 5825 1776 5909 annumeremur-arn.
