4084 6334
258 198 330 287 'aar
809 200 1375 273 musarumrrntanotocertcnu
1887 212 1932 283 tta

278 323 379 381 bianas
401 320 613 380 venerabantur.
636 318 709 392 Quid
729 332 795 393 ergo
817 322 935 396 amplius
956 325 984 381 in
1000 334 1076 383 vete·
1090 326 1237 397 dPharia,
1259 344 1320 403 quc
1333 329 1393 387 rudi
1407 325 1511 403 paluel
1530 327 1636 405 lignus
1658 328 1757 391 erucis
1774 332 1869 407 stipite
1885 352 1932 396 non

278 431 339 473 rum
349 416 460 472 deorum
474 413 732 487 contumeliamlieri
743 413 840 473 abullo
868 417 980 475 homine
998 426 1077 490 pote-
1127 422 1356 497 distinguebatur?
1370 422 1399 481 ln
1419 438 1529 482 suorum
1542 436 1681 497 praterea
1697 426 1819 485 deorum
1831 428 1933 487 simula·

279 518 323 567 rat
336 508 404 583 (cap.
418 509 463 575 ta,
479 508 549 583 ¹5l?
1130 516 1195 583 cris,
1207 516 1235 573 in
1246 517 1383 584 victoriis,
1399 517 1539 591 trophaeis,
1560 519 1647 593 signis
1660 520 1845 586 militaribus,
1858 524 1934 582 seril-

314 598 411 658 llonue
424 603 506 658 etiam
532 602 569 659 dii
588 618 641 659 non
663 602 763 661 mitiori
784 602 839 661 illis
859 616 938 663 erant
947 605 1075 676 ludibrio,
1130 608 1217 666 lorum
1231 619 1259 667 et
1272 611 1462 669 cantabrorum
1476 612 1609 683 sipharis,
1622 622 1677 671 aut
1690 630 1792 673 eorum
1805 616 1931 676 intestinis

279 693 325 767 qui
352 694 469 767 pessima
492 711 605 768 quaeque
626 696 681 753 illis
701 697 899 766 sacrificabant,
914 710 943 756 et
969 700 1077 757 tertiam
1127 701 1408 773 monilibus,etstulis
1423 719 1519 763 cruces
1542 706 1701 767 adorabant
1728 708 1791 767 illis
1818 711 1933 783 supposi-

279 786 465 858 subripiebant
480 788 645 845 decimarum
670 789 777 873 llerculi
791 790 942 849 debitarum
955 793 1077 865 partem?
1130 804 1181 854 tas.

278 878 375 937 Nonne
392 880 439 937 alii
460 883 517 938 suis
531 883 559 938 in
581 882 657 939 libris
676 898 731 940 non
753 884 870 942 maxima
892 886 951 941 sine
969 885 1077 943 illorum
1167 889 1220 946 dlii
1233 890 1432 964 pauloquidem
1444 894 1934 969 uerisimiliussuspicabanturebria·

278 972 426 1045 ignominia
437 976 621 1048 predicabant
634 992 681 1034 eos
694 979 764 1036 iuter
774 986 922 1051 eapropter
933 979 1077 1052 Troianos,
1129 980 1274 1049 tianorum,
1287 984 1514 1055 quemadmodum
1527 986 1688 1055 Persarum,
1716 988 1810 1047 licum
1820 1006 1882 1050 esse
1892 994 1933 1053 So

278 1076 326 1123 aut
350 1066 471 1125 delricus
491 1069 654 1135 decertasse.
667 1070 801 1127 Venerem
821 1074 979 1142 sauciatam,
1006 1073 1078 1129 llar-
1124 1070 1194 1131 lem.
1215 1074 1268 1133 Sed
1284 1076 1343 1135 lraec
1361 1075 1428 1135 laisa
1441 1080 1560 1151 suspicio
1582 1081 1647 1138 inde
1662 1082 1784 1140 suborta
1804 1090 1933 1159 estquod

278 1164 334 1215 tem
348 1160 376 1216 in
390 1160 506 1217 uinculis
518 1176 588 1233 pene
599 1173 806 1235 consumptum,
821 1164 916 1222 torem
928 1180 944 1221 a
956 1178 1078 1225 monstro
1130 1167 1210 1225 iidem
1234 1152 1387 1251 christiani,
1408 1172 1442 1229 ad
1461 1172 1553 1231 Solem
1577 1178 1722 1247 conuersi,
1744 1177 1833 1235 ὓεειω
1848 1197 1932 1253 prem·

277 1254 395 1325 quodam
409 1255 571 1321 libemtum,
586 1272 657 1313 nunc
669 1257 777 1314 flentem
788 1300 796 1325 ,
808 1275 881 1316 nunc
894 1259 1078 1317 loedcsuban-
1129 1262 1236 1328 bantur,
1251 1279 1284 1320 ac
1302 1265 1347 1322 die
1366 1266 1438 1325 Solis
1458 1268 1516 1324 sire
1532 1267 1674 1327 dominico
1690 1270 1801 1329 laetitia
1819 1272 1932 1349 indulge·

278 1349 353 1405 tem?
367 1348 808 1422 Poetcrerocanuntdpolliuern
823 1354 996 1422 lldmeto,et
1009 1353 1080 1409 Lao·
1128 1365 1199 1413 rent.
1221 1354 1275 1414 Sed
1298 1357 1371 1415 istud
1391 1360 1532 1431 gentilium
1559 1362 1785 1434 reprehensione
1811 1382 1848 1423 eo
1869 1380 1932 1429 certe

279 1440 401 1499 medonti
414 1442 567 1513 Neptunum
579 1444 745 1513 servientes,
758 1444 891 1502 Pindarus
903 1460 969 1502 soro
982 1445 1079 1504 AEscu-
1129 1451 1219 1508 minus
1234 1451 1344 1523 dignum
1367 1463 1436 1523 erat,
1453 1455 1527 1529 quud
1540 1456 1581 1514 illi
1601 1456 1678 1515 diem
1700 1458 1820 1518 Saturni
1842 1463 1895 1520 otiu
1911 1475 1932 1522 et

278 1531 379 1606 lapium
411 1532 523 1591 inlrrme
545 1534 709 1606 iudicatum.
742 1536 879 1595 Pretcrca
908 1553 924 1593 a
949 1538 1078 1612 tragtedis
1128 1544 1439 1605 victuidestinauerant.

278 1626 456 1684 decantantur
466 1627 580 1685 deorum
593 1643 721 1685 rerumne
730 1637 759 1685 et
769 1644 888 1688 errores.
903 1631 943 1687 Ex
955 1632 1077 1704 philoso-
1165 1635 1306 1695 Postremo
1320 1638 1421 1697 ductor
1432 1648 1525 1699 noster
1537 1641 1663 1702 ludaenm
1676 1646 1842 1719 quemdam,
1856 1649 1931 1705 mari·

277 1718 340 1794 pitis
353 1729 443 1776 autem
465 1718 610 1787 Socrates,
626 1720 679 1778 etsi
693 1738 742 1793 per
751 1738 882 1795 quercum
893 1764 900 1791 ,
910 1725 1014 1780 hircum
1027 1768 1035 1795 ,
1049 1736 1077 1783 et
1090 1719 1116 1782 B
1128 1744 1203 1785 mum
1216 1730 1336 1802 prolecto
1350 1732 1524 1805 nebulonem,
1535 1737 1675 1805 exsibilat,
1693 1739 1743 1809 qui
1758 1753 1823 1796 cum
1838 1740 1927 1797 hestia·

277 1826 372 1869 canem
383 1812 524 1886 iurauerit,
539 1814 603 1885 quia
616 1824 708 1872 tamen
719 1815 786 1873 deos
798 1816 974 1884 destruebat,
989 1830 1078 1877 morte
1129 1820 1187 1879 rius
1201 1830 1284 1890 esset,
1302 1824 1373 1881 inter
1385 1824 1464 1883 ludos
1476 1826 1667 1896 Circenses,in
1684 1829 1752 1898 ista,
1767 1830 1868 1903 iuquit,
1877 1832 1930 1887 ciri·

277 1902 420 1962 damnatus
434 1915 487 1965 est.
512 1904 567 1963 Sed
588 1908 705 1965 rescissa
724 1907 897 1968 damnatione
917 1912 1076 1983 praeclarum
1130 1922 1183 1969 tete
1206 1914 1472 1984 novissime'editos,
1494 1919 1622 1977 tabellam
1646 1923 1812 1995 proposuit,
1837 1925 1864 1981 m
1888 1941 1929 1997 qua

279 2000 388 2057 tandem
407 2000 446 2057 illi
467 2000 610 2060 reddidere
629 2004 825 2062 testimonium.
852 2005 993 2062 Postremo
1013 2005 1078 2063 llio·
1128 2008 1219 2080 pictus
1238 2008 1477 2067 circumferebatur
1499 2010 1571 2070 Deus
1591 2013 1817 2073 Claristianorum
1835 2017 1929 2073 auribus

276 2106 360 2164 genes
371 2092 481 2164 quidam
505 2094 590 2151 irrisit
613 2094 757 2154 Herculem
772 2136 781 2166 ,
795 2112 829 2155 ac
841 2096 930 2155 llarro
941 2106 1077 2157 trecentos
1127 2100 1253 2170 asininis,
1279 2102 1365 2159 altero
1387 2090 1458 2177 p'edc
1472 2106 1626 2177 ungulatus,
1640 2106 1750 2165 librum
1779 2118 1927 2181 gestanset

278 2184 362 2245 lones
374 2189 523 2246 introduxit
537 2189 607 2263 (cup.
622 2190 682 2261 il).
1128 2204 1314 2266 togatus,cum
1329 2197 1381 2253 hac
1392 2198 1504 2256 ridicula
1515 2200 1713 2273 inscriptione:
1730 2202 1806 2259 Deus
1814 2203 1926 2261 cindalia·

312 2282 397 2358 lirget
414 2284 503 2343 adhuc
524 2285 706 2343 Tertullianus
725 2287 754 2344 in
774 2286 914 2359 gentilium
935 2286 1077 2345 comtediis
1128 2304 1220 2346 norum
1230 2290 1389 2373 uooclroetea.
1399 2291 1454 2349 Sed
1463 2309 1543 2365 quam
1554 2292 1620 2351 laisa
1632 2296 1813 2370 mendaxque
1822 2297 1925 2353 luit'hnc

276 2378 456 2452 actu-aguediis
470 2381 660 2451 representari
671 2380 808 2438 moechum
820 2380 950 2450 anubim,
967 2396 1076 2438 mascu-
1128 2382 1243 2457 pictura,
1259 2372 1417 2444 munierum
1433 2390 1534 2447 eratab
1547 2388 1664 2446 ethnicis
1679 2390 1750 2448 deus
1772 2388 1876 2449 adorari
1887 2392 1924 2447 le-

277 2474 333 2532 lum
344 2474 457 2542 Lunam,
467 2473 631 2546 tlageilatam
646 2475 770 2542 Dianam,
781 2474 857 2532 louis
870 2483 1076 2542 testamentum,
1127 2476 1231 2532 ruinam
1240 2476 1440 2552 belluarumque
1453 2482 1582 2539 membris
1594 2484 1768 2555 compositos
1784 2482 1912 2558 (copiti).

277 2578 387 2643 tresque
401 2568 531 2626 llcrcules
549 2568 699 2627 lumelicos.
716 2570 759 2625 ab
774 2570 950 2630 histrionibus
964 2570 1076 2642 insuper
1163 2570 1204 2627 lle
1217 2580 1306 2628 autem
1322 2572 1422 2630 ethnici
1435 2590 1527 2632 ueram
1541 2574 1765 2634 Christianorum
1787 2578 1919 2634 doctrinan

278 2664 456 2724 exhibebatur
470 2664 518 2721 Sol
530 2664 635 2737 lugens,
642 2662 743 2737 Cybele
756 2663 926 2720 tasttutosum
941 2672 1076 2735 pastorem
1135 2661 1286 2721 uolttntaria
1301 2664 1481 2737 ignoratione,
1497 2676 1525 2724 et
1539 2667 1749 2741 impudentibus
1768 2684 1844 2727 more
1853 2670 1920 2731 ,solito

277 2758 426 2831 suspirans,
440 2758 518 2815 louis
530 2758 658 2830 elogium,
673 2755 789 2813 Iunonis
801 2756 986 2828 llinervaeqne
1002 2754 1077 2826 judi·
1129 2756 1278 2814 mendaciis
1291 2756 1421 2830 deinceps
1442 2760 1687 2829 calumniarentur,
1704 2762 1783 2819 illam
1794 2760 1917 2818 Tertullia-

277 2849 415 2919 cium,''ac
436 2850 545 2907 tandem
570 2851 597 2905 in
612 2848 667 2905 illis
689 2848 974 2921 ignominiosissimum
996 2856 1078 2920 caput
1129 2851 1526 2919 nussurumacumbretimte,
1543 2862 1600 2907 tum
1621 2852 1788 2911 sinceritate
1799 2855 1838 2909 sic
1850 2864 1917 2922 crpu-

277 2944 489 3017 representabat
501 2942 545 2999 dei
555 2940 671 3013 alicujus
683 2939 840 3013 imaginem,
856 2949 886 2997 et
896 2954 995 3011 corpus
1007 2939 1076 2996 uitli-
1129 2938 1179 2997 nit.
1191 2940 1387 3032 Dens‚‘inquit,
1398 2959 1478 3015 quern
1498 2943 1625 3013 colimus,
1636 2960 1711 3002 arnus
1724 2954 1778 3013 est,
1793 2944 1838 3018 qui
1852 2956 1914 2999 muu-

277 3038 339 3094 cula
362 3044 422 3094 arte
447 3034 641 3093 ed'oeminatum
675 3034 820 3090 blinerram
848 3042 895 3090 aut
921 3033 1076 3091 llerculem.
1130 3032 1193 3089 dum
1213 3034 1380 3103 uniuersum,
1398 3035 1425 3091 iu
1438 3051 1494 3092 suae
1507 3036 1657 3108 majestatis
1669 3046 1915 3104 ornamentun,er

277 3128 373 3201 licque
394 3128 492 3186 melius
512 3110 613 3200 aliquid
629 3142 664 3185 ex
684 3142 766 3184 cavea
784 3137 927 3199 expectes.
950 3126 989 3183 lbi
1003 3128 1076 3183 enim
1090 3106 1114 3172 G
1130 3124 1214 3182 nihilo
1224 3128 1337 3183 crearit.
1350 3127 1483 3197 'Quamuis
1501 3136 1590 3185 autern
1604 3138 1801 3203 cognoscatur,
1814 3126 1914 3186 invisibi-

182 3212 189 3222 ’
277 3236 394 3297 persona
406 3223 535 3295 agebatur
547 3220 642 3295 btydis
661 3220 782 3289 castrati,
795 3219 922 3277 ardentis
940 3219 1076 3289 Herculis,
1128 3217 1163 3275 lis
1175 3228 1265 3275 tamen
1287 3228 1339 3285 est,
1363 3220 1568 3291 inestimabilis,
1579 3223 1746 3295 immensus,
1760 3240 1792 3281 ac
1806 3222 1854 3279 sibi
1876 3218 1913 3277 soli

277 3311 404 3375 llercurii
417 3316 488 3371 inter
499 3312 602 3370 ludicra
612 3312 827 3370 meridianumm
840 3310 992 3383 spectacula
1003 3326 1078 3369 mor·
1128 3322 1219 3371 tantus
1232 3324 1348 3386 quantus
1359 3326 1413 3383 est,
1426 3316 1558 3387 cognitus.
1572 3316 1815 3377 lluncuerounum
1828 3326 1913 3371 rerum·

277 3417 339 3466 tuos
352 3408 472 3465 muterio
481 3406 670 3474 examinantis,
687 3420 720 3462 ac
748 3403 840 3461 iratris
852 3404 925 3463 loris
940 3405 1072 3463 cadavera
1129 3422 1182 3481 que
1201 3408 1286 3465 neum
1301 3424 1394 3465 reuera
1416 3410 1536 3467 euistcrc
1552 3409 1746 3481 demonstrant
1765 3419 1795 3467 et
1806 3404 1911 3467 arundus,

278 3510 446 3559 mortuorum
466 3500 680 3556 bominumcuut
699 3498 799 3555 malleo
811 3496 979 3555 deducentis.
993 3496 1077 3554 Plura
1129 3508 1158 3556 et
1176 3508 1272 3556 caetera
1292 3489 1394 3569 omnia,
1419 3516 1478 3573 quae
1501 3500 1584 3557 uerbo
1616 3501 1675 3557 deri
1706 3502 1804 3574 jussit,
1828 3497 1912 3555 ratione

278 3590 331 3651 alia
345 3593 388 3649 bis
400 3592 498 3649 similia
511 3592 611 3650 omittit
629 3590 823 3658 Tertullianus,
832 3589 958 3663 vvitioque
970 3588 1079 3662 gentili·
1129 3592 1290 3664 composuit,
1303 3610 1335 3652 ac
1349 3594 1448 3651 uirtute
1462 3610 1509 3651 sua
1531 3595 1662 3679 condidit.
1675 3597 1748 3666 Quin
1768 3597 1849 3655 etiam
1862 3586 1911 3647 illud

278 3686 330 3745 hus
342 3688 433 3755 vertit,
447 3686 519 3759 quod
537 3686 608 3742 intra
621 3685 735 3741 deorum
759 3684 870 3757 templa.
892 3683 1018 3755 ipsasque
1034 3684 1079 3739 in·
1129 3688 1330 3747 evidentissime
1342 3688 1698 3761 comprobaturtestimonio
1708 3690 1807 3747 animae
1818 3694 1909 3748 nostra.

277 3789 404 3851 teraras,
418 3779 540 3852 atquem
559 3777 743 3848 sacerdotum,
764 3786 793 3835 et
810 3778 971 3835 mdituomm
986 3775 1079 3832 taber·
1129 3783 1288 3839 naturaliter
1305 3782 1468 3850 christiano,
1486 3798 1547 3855 quc
1572 3784 1599 3838 in
1619 3774 1795 3855 quocumque
1813 3780 1865 3837 sire
1883 3775 1910 3829 iu

279 3971 362 4029 cirria.
374 3970 489 4039 Quinam
500 3982 576 4042 crgo,
589 3968 627 4024 ait
637 3967 693 4036 ille,
706 3966 805 4023 dirinae
816 3966 970 4036 majestatis
979 3964 1032 4031 rei,
1043 3976 1078 4019 an
1130 3965 1177 4023 ubi
1201 3966 1355 4036 resipiscit,
1377 3974 1424 4022 aut
1445 3964 1516 4023 redit
1532 3965 1568 4023 ad
1590 3981 1621 4023 se
1645 3962 1746 4037 ipsam,
1773 3978 1827 4059 nott
1848 3958 1910 4020 (1⁰⁰⁸.

280 4062 332 4136 ipsi
354 4064 401 4137 qui
415 4071 489 4119 tanto
499 4061 615 4117 ludibrio
624 4058 691 4117 deos
704 4073 769 4115 suos
782 4058 928 4126 habebant,
940 4072 975 4113 an
984 4054 1080 4113 Cirris-
1131 4058 1180 4116 sed
1193 4074 1275 4115 unum
1287 4058 1438 4116 conclamat
1451 4058 1546 4129 licum,
1561 4072 1679 4131 eumque
1691 4059 1811 4133 judicem
1823 4057 1910 4111 contet·

281 4155 358 4222 tiani,
378 4153 425 4227 qui
454 4153 503 4211 laos
522 4152 657 4225 negabant
678 4166 740 4209 esse
758 4149 835 4219 deus,
859 4150 959 4221 quique
978 4147 1080 4205 idcirco
1132 4160 1204 4207 tatur
1218 4152 1289 4223 (cop.
1301 4150 1362 4224 l'l).

281 4265 376 4308 eorum
390 4248 488 4320 templa
508 4245 624 4305 interdiu
643 4261 698 4303 non
718 4252 860 4310 noverant,
873 4250 902 4300 et
921 4256 954 4299 ea
972 4241 996 4299 si
1015 4241 1080 4301 lteri
1167 4240 1225 4301 Nec
1236 4244 1328 4302 minus
1339 4244 1451 4302 evidens
1465 4244 1563 4302 divinae
1576 4242 1731 4303 existentia
1742 4244 1909 4332 argumentum

282 4351 384 4418 posset,
399 4342 507 4414 penitus
520 4340 683 4413 spoliassent
695 4337 766 4413 (cop.
781 4332 850 4410 t5)t
1132 4335 1282 4394 desumitur
1306 4352 1341 4394 ex
1356 4338 1449 4395 'sacris
1469 4336 1574 4395 Veteris
1585 4330 1754 4396 Testamenti
1778 4332 1859 4397 libris,
1870 4338 1908 4427 ιιι

319 4436 419 4492 Tenum
442 4430 537 4491 contra
551 4429 828 4504 objiciebantethnici
842 4437 923 4503 caput
943 4428 1079 4487 asininum
1132 4430 1226 4504 scripti
1247 4440 1311 4488 sunt
1334 4429 1544 4488 ariris'diviuo
1569 4431 1664 4501 spiritu
1678 4426 1824 4493 inundatis,
1837 4430 1909 4487 gpqur

282 4528 465 4587 a'cbristianis
476 4541 600 4599 tanquam
612 4525 692 4583 deum
709 4525 828 4581 adorari.
844 4524 898 4582 Sed
913 4540 1031 4593 merum,
1043 4524 1082 4581 ait
1093 4494 1120 4558 D
1132 4523 1232 4594 scripta
1254 4523 1398 4581 scacariis
1416 4523 1542 4594 verisque
1557 4518 1701 4579 ¹miraculis
1722 4520 1907 4613 conllrmat'ere·

282 4622 478 4689 Tertullianus,
503 4628 548 4679 est
571 4620 721 4688 somnium,
745 4618 789 4675 cui
807 4614 951 4675 Cornelius
971 4616 1081 4675 Tacitus
1130 4617 1262 4674 Aristaeus
1284 4627 1374 4674 autem
1401 4615 1563 4673 testitlcatur
1577 4616 1659 4673 hosce
1678 4616 1774 4682 libros,
1802 4608 1909 4667 uetnuu

283 4716 358 4774 dedit
377 4716 559 4783 occasionem,
583 4711 630 4768 ubi
650 4710 789 4769 memoriae
808 4698 878 4767 laiso
891 4710 1008 4783 prodidit
1029 4710 1080 4767 lu·
1130 4711 1246 4782 primum
1258 4704 1571 4791 sermonecor'upositos,
1588 4708 1614 4765 in
1628 4704 1764 4779 gracum,
1782 4706 1908 4777 procurtll·

283 4810 358 4867 ticos
371 4806 547 4866 consimilem¹
564 4804 645 4877 hujus
668 4804 761 4861 bestico
781 4803 953 4875 superliciern
978 4803 1081 4860 idcirco
1131 4815 1158 4863 te
1172 4805 1317 4862 Ptolemaeo
1332 4804 1525 4875 Philadelpho,
1541 4819 1572 4859 ac
1584 4802 1743 4860 blenedcnro
1757 4797 1908 4873 probantes

283 4917 478 4971 currsccrasse,
492 4899 555 4974 quia
566 4899 643 4971 ipsis,
654 4898 680 4955 iu
695 4898 814 4971 AEgypto
826 4898 870 4954 siti
884 4898 1079 4966 laborantibus,
1129 4899 1296 4971 septuaginta
1305 4898 1514 4970 iudaeissunrma
1532 4895 1584 4953 ddc
1595 4911 1741 4953 conuersos
1755 4892 1842 4993 luisse.
1851 4882 1905 4937 ‘llll

284 4994 394 5068 quidam
411 4992 505 5066 onagri
525 4992 627 5050 iontem
641 4991 826 5049 ostenderant.
842 4990 896 5047 Sed
910 4991 990 5064 hrrjus
1004 5006 1081 5049 meu·
1131 5002 1222 5047 autem
1245 4991 1334 5047 adlruc
1347 4990 1556 5047 asservabantur
1569 4982 1596 5046 in
1611 4988 1748 5046 Ptolemaei
1764 4976 1906 5085 bibliotheca

284 5088 420 5145 docimimi
441 5087 583 5159 scriptoris
601 5085 734 5143 calumnia
758 5084 960 5141 euidentissime
980 5084 1079 5156 patuit,
1132 5082 1266 5177 hebraicis
1284 5094 1313 5142 et
1337 5086 1433 5158 graecis
1453 5083 1549 5142 litteris
1564 5080 1677 5151 exar'ati,¹
1693 5074 1849 5156 quosludeu
1861 5079 1905 5123 stu·

284 5196 344 5238 curan
358 5178 513 5252 Pompeius,
532 5178 687 5236 ludaeorum
700 5178 830 5249 templum
845 5177 994 5247 ingressus,
1015 5176 1079 5233 nul·
1131 5177 1202 5249 gulis
1224 5178 1374 5250 quibusque
1393 5176 1513 5233 sabbatis
1528 5176 1616 5249 palam
1632 5176 1794 5235 lectitabant.
1814 5159 1905 5223 Nllllffl

284 5272 341 5331 lum
354 5273 390 5329 ibi
400 5271 504 5327 inuenit
517 5270 703 5326 simulacrum.
720 5271 755 5325 At
771 5276 845 5325 certe
867 5282 921 5339 quo
933 5266 960 5323 id
975 5266 1078 5335 salsius,
1132 5270 1240 5342 ergode
1250 5270 1356 5326 illorum
1365 5270 1478 5328 ueritate
1488 5276 1569 5342 atque
1582 5269 1734 5343 integritate
1746 5258 1904 5323 dubiumeiie

284 5382 320 5424 eo
333 5366 422 5425 uerius
433 5373 493 5423 erat
503 5365 625 5438 jumenta
637 5363 739 5430 omnia,
750 5372 778 5419 et
790 5361 943 5419 cantherios
955 5375 1017 5420 cum
1031 5378 1081 5421 sua
1132 5372 1240 5437 poterat
1249 5362 1318 5435 (cop.
1330 5362 1389 5431 tu).
1807 5444 1814 5459 1
1838 5438 1841 5445 ,

285 5461 408 5533 llippona
418 5458 453 5515 ab
465 5457 581 5515 calmicis
593 5456 645 5515 coli
659 5467 687 5512 et
701 5455 840 5513 honorari.
1169 5456 1312 5513 Maximam
1323 5467 1413 5514 autem
1428 5456 1536 5515 illorum
1545 5457 1733 5515 auctoritatem
1745 5446 1853 5547 uindicat
1863 5446 1903 5491 aa·

321 5552 377 5609 llcc
388 5550 485 5624 potiori
497 5550 602 5606 ratione
612 5547 771 5605 Christianis
780 5548 980 5621 exprobrabant
992 5550 1086 5609 crucis
1133 5550 1255 5622 tiquitas.
1283 5548 1351 5607 Natu
1380 5551 1462 5609 unius
1495 5551 1638 5624 Propheta
1672 5545 1808 5611 scrinium,
1829 5530 1903 5639 tiled·

285 5648 386 5707 Christi
404 5647 518 5704 cultum.
537 5642 606 5714 Quid
619 5643 692 5701 euim
705 5644 734 5701 in
750 5643 924 5717 illoarguere
936 5644 1083 5719 patenum
1133 5644 1233 5719 moysis
1254 5644 1326 5715 libri,
1352 5646 1459 5705 ceteris
1478 5647 1619 5719 gentilium
1643 5625 1902 5719 commentationum.

286 5744 383 5805 donne
401 5741 473 5817 apud
490 5754 539 5801 eos
551 5737 690 5813 prostabat
712 5737 803 5797 Pallas
822 5736 922 5810 tlttica,
935 5752 969 5799 ac
993 5737 1082 5802 Ceres
1133 5737 1197 5813 tliis,
1211 5738 1335 5815 templis,
1355 5738 1483 5813 oraculis,
1496 5739 1593 5812 sacris,
1610 5737 1667 5803 imo
1690 5730 1811 5802 omnibus
1824 5716 1905 5799 Μ’
