4084 6334
108 296 173 367 Sti·
664 297 892 361 mantano
908 297 941 359 tt.
961 298 1007 361 LE
1024 296 1178 363 nonunt.
1709 294 1771 375 953,

93 420 241 496 papali
251 420 273 493 ).
287 418 347 479 llas
359 416 493 493 iqiturills
504 430 601 477 manus
612 426 789 493 postcomm
802 418 912 475 alluen-
923 422 951 487 Α
963 418 1013 477 sula
1026 418 1196 491 resperama
1212 416 1337 487 conatis,
1362 418 1389 477 in
1409 418 1469 479 aliis
1487 432 1551 479 uero
1568 428 1631 479 anto
1654 436 1764 481 aninam

113 514 154 580 di,
175 521 268 585 utpote
290 510 429 578 honestus,
451 525 468 567 a
486 508 646 567 Christianis
663 526 770 583 quoque
783 505 914 567 oliserra·
964 512 1053 569 citnam
1070 520 1178 583 accepta
1192 510 1306 586 (sacrat.
1321 513 1366 570 tn.
1380 513 1403 573 T
1416 512 1515 572 llistar.
1538 514 1650 583 Ecaten,
1664 533 1722 591 cap.
1734 518 1764 589 Ξ,

112 606 204 686 batur.
225 605 330 665 Tidcsis
340 588 539 663 Theodoreturu
551 603 653 662 elalius
665 602 828 676 (Titeodorct.
841 602 886 659 lid.
901 601 913 661 l
964 623 1024 679 paq.
1036 605 1099 675 2873
1110 606 1171 663 Soa.
1182 606 1227 663 lib.
1245 605 1399 665 nunnae
1411 606 1633 679 declamauit.
1645 628 1672 683 p.
1686 612 1764 681 755).

115 698 189 755 ilict.
204 698 316 762 Ecaten,
332 714 390 769 cap.
405 696 464 768 ts).
964 696 992 755 Si
1004 707 1093 755 autern
1106 699 1165 756 illos
1176 700 1210 755 de
1221 715 1270 756 saro
1284 702 1383 772 potius,
1396 716 1476 773 quam
1486 704 1673 775 antiquissimo
1685 716 1765 779 atquc

152 779 293 862 cipriano
307 790 397 861 itaque
423 788 574 848 difficiliora
594 788 665 847 haud
686 789 766 847 dubie
791 788 913 861 plurimis
964 792 1045 847 etiarn
1062 790 1221 849 Tertulliani
1239 782 1323 848 nostri
1347 803 1470 864 tempore
1491 795 1563 865 loqui
1584 795 1692 862 dixerit,
1715 812 1765 855 nec

113 884 278 943 videbuntur
290 882 349 940 linc
363 882 617 956 daasanseqaaaua
631 884 789 941 Tertulliani
811 882 911 940 rerba:
964 882 991 939 id
1006 882 1083 939 tacile
1097 883 1230 955 probabit,
1245 898 1295 940 nea
1318 880 1430 940 multum
1452 886 1583 957 proficiet.
1615 887 1683 944 Nam
1696 888 1764 947 Ter-

114 977 152 1034 Et
165 978 271 1034 lumina.
291 976 376 1035 Nonis
389 976 496 1048 quidem
510 976 536 1032 id
552 992 606 1034 non
622 977 698 1044 latet,
713 976 785 1049 quod
804 975 912 1047 quidam
965 976 1106 1043 tullianus,
1121 991 1173 1032 non
1188 990 1267 1033 secus
1277 984 1356 1049 atque
1369 975 1490 1034 lustinus
1506 989 1618 1053 martyr,
1631 982 1667 1037 uti
1682 998 1717 1039 er
1732 982 1765 1039 iis

113 1053 279 1129 annotarunt
297 1070 324 1127 in
340 1068 458 1127 Worerii
476 1069 570 1127 codice
590 1071 718 1143 scriptum
742 1069 777 1127 ad
795 1070 913 1125 lantino:
964 1076 1039 1139 patet
1066 1082 1126 1138 quae
1145 1068 1269 1139 superius
1290 1071 1490 1135 annotavimus,
1506 1071 1623 1143 disputat
1637 1072 1765 1134 adversus

114 1164 164 1223 sed
178 1164 202 1220 is
215 1164 289 1221 solus
300 1162 386 1219 oodex
402 1162 509 1221 caeteris
522 1164 649 1219 omnious
662 1161 784 1234 praeferri
797 1177 850 1217 non
862 1160 911 1217 de·
965 1159 1098 1225 ethnicos,
1119 1160 1165 1233 qui
1183 1170 1238 1217 tam
1254 1160 1332 1231 falso,
1349 1178 1429 1234 quarn
1450 1162 1578 1221 audacter
1592 1166 1765 1224 clamitabant

113 1256 173 1313 nar.
193 1254 232 1311 toi
258 1256 463 1312 autemlluctor
480 1263 572 1313 noster
589 1257 707 1313 monitos
727 1254 913 1327 proculdubio
965 1255 1099 1311 liorranda
1114 1270 1222 1326 prorsus
1237 1255 1263 1311 in
1281 1254 1492 1314 Christianorum
1504 1256 1648 1331 synaxibus
1662 1262 1765 1319 scelera

114 1366 166 1407 rios
180 1366 241 1407 esse
254 1349 338 1406 rolrrit
352 1358 415 1406 tunc
428 1365 542 1407 accerrsa
555 1350 637 1406 luisse
646 1350 767 1416 lunaina;
786 1350 849 1421 quia
863 1350 913 1405 sula
965 1347 1123 1419 perpetrari,
1133 1362 1222 1405 nonna
1234 1364 1298 1420 ergo
1307 1349 1341 1405 de
1349 1350 1473 1407 omnihus
1482 1350 1561 1423 plane
1569 1354 1714 1424 synaxibus
1723 1355 1765 1410 lo·

113 1458 256 1516 uesperam
276 1443 421 1499 Christiani
451 1442 691 1516 congregabantur,
718 1441 914 1513 eoenabaatque
964 1439 1065 1514 quitur,
1081 1443 1110 1497 in
1125 1442 1222 1513 qnilaus
1233 1459 1275 1512 ea,
1286 1460 1346 1517 quau
1363 1445 1518 1516 agebantur,
1534 1447 1651 1505 lrrcriter
1664 1433 1767 1506 et‘rere

113 1537 193 1593 linito
204 1536 259 1607 iarn
273 1535 327 1604 die,
345 1550 377 1593 ac
388 1544 530 1607 postquam
548 1550 581 1593 ea
601 1536 778 1607 omniaque
803 1548 913 1591 enam·
965 1535 1094 1605 exponit?
1111 1533 1218 1591 Certum
1243 1552 1349 1608 quoque
1371 1548 1412 1593 est
1434 1538 1593 1595 eluistianos
1607 1540 1764 1610 quibusdam

112 1630 214 1694 vimus,
227 1626 297 1684 lacta
311 1626 427 1683 literant.
461 1625 504 1684 oo
522 1628 712 1684 necessitatem
733 1627 823 1697 igitur,
838 1634 866 1682 et
878 1624 913 1682 ad
965 1628 993 1683 in
1007 1628 1232 1693 solemnitatibus,
1253 1630 1321 1685 sicin
1336 1629 1470 1686 l‘asolralis
1484 1630 1544 1687 testi
1563 1640 1644 1688 totam
1659 1641 1765 1690 noctem

112 1722 257 1795 iragandas,
270 1721 497 1794 quemadmodum
516 1722 561 1779 ills
583 1719 647 1779 anot
667 1720 913 1793 capitaneorum
964 1720 1147 1795 pervigilasse.
1170 1722 1209 1777 Ad
1230 1738 1305 1778 suam
1318 1737 1432 1794 namque
1454 1738 1564 1779 uxorem
1585 1723 1766 1783 Tertullianus

113 1815 229 1871 tundam
240 1815 298 1871 naec
312 1814 412 1871 lurnina
430 1814 645 1871 accendebantur
659 1813 822 1885 (Tertullian.
838 1813 910 1886 Apo·
924 1861 949 1923 B
965 1814 1087 1883 scripsit:
1107 1812 1169 1881 Quia
1180 1812 1451 1871 saianrnidual‘aaclue
1474 1815 1650 1871 abnoctantem
1664 1832 1766 1875 securus

112 1908 190 1980 loqet.
206 1924 263 1979 cap.
277 1909 303 1976 i,
320 1925 380 1980 paq.
393 1906 468 1977 5⁰6).
482 1906 537 1965 Sed
557 1906 593 1965 dc
606 1905 649 1965 lais
661 1907 717 1978 jam
734 1905 834 1978 aliquid
847 1905 911 1965 nlilti
961 1907 1133 1979 aaartneta'n(
1154 1906 1261 1963 Tertull.
1291 1909 1336 1964 lid.
1362 1909 1383 1964 ll
1406 1910 1440 1964 ad
1456 1908 1550 1978 licon,
1562 1926 1621 1982 cap.
1643 1911 1695 1983 l).
1711 1910 1765 1971 Sed

111 2001 326 2068 observavimus,
337 2009 365 2057 et
375 2008 467 2072 postea
477 1999 566 2056 adlruc
578 1990 823 2058 animadvertemus
834 1995 910 2072 (ttn·
963 2003 989 2056 in
1015 2002 1190 2074 sparageuco
1217 2018 1270 2059 non
1293 2003 1327 2061 da
1347 2003 1536 2073 distantum,
1557 2007 1605 2063 sed
1629 2008 1689 2063 aliis
1717 2022 1765 2080 sy·

110 2105 198 2154 certat.
213 2098 241 2153 in
255 2094 373 2167 Laetam.
388 2110 447 2165 cap.
461 2095 507 2163 25,
520 2106 568 2151 art.
584 2094 623 2169 2).
961 2094 1076 2151 naribus
1094 2094 1213 2164 disserit,
1225 2112 1291 2167 quas
1311 2097 1338 2153 in
1358 2098 1473 2153 multam
1490 2108 1599 2155 noctem
1615 2100 1765 2171 producere

151 2190 235 2247 italiis
255 2204 321 2247 aero
344 2190 442 2262 aliquis
461 2190 556 2262 procul
578 2189 779 2260 dabioolay'icict
792 2205 800 2244 ι
814 2188 910 2245 Sillae
961 2186 1102 2243 christiani
1118 2196 1326 2244 consueverant.
1359 2188 1431 2246 Nilril
1446 2205 1511 2262 erqo
1525 2190 1767 2263 prolribetqunmi·

113 2281 328 2359 Christianorum
339 2297 455 2354 synaxes
466 2282 518 2339 suls
537 2297 679 2355 vesperum
689 2282 863 2353 cogebantur,
878 2295 911 2337 aa
961 2297 1013 2337 aas
1030 2282 1185 2339 antelucani
1204 2292 1303 2353 emtus,
1333 2293 1360 2341 et
1391 2297 1531 2343 noeturnae
1559 2288 1766 2357 convocationes

111 2373 202 2432 noetis
224 2375 300 2431 initio
314 2388 419 2432 coeaaam
433 2376 472 2431 illi
491 2374 665 2442 inclmalsant,
689 2390 738 2431 cnr
751 2374 823 2431 idem
841 2372 909 2430 Ter·
961 2375 1175 2449 appellarentur.

112 2468 241 2525 tullianus
262 2468 313 2525 laos
326 2480 413 2527 eoetns
424 2468 489 2526 alilri
510 2469 685 2527 antelucanos
698 2468 838 2541 appellat?
855 2467 910 2525 Cur
998 2468 1090 2525 Tertio
1101 2468 1282 2527 Tertullianus
1292 2479 1383 2528 narrat
1394 2480 1453 2543 post
1467 2472 1537 2529 illam
1550 2462 1766 2533 Christianorum

111 2562 167 2618 alio
186 2562 213 2617 in
232 2562 300 2617 libro
320 2560 404 2619 orata:
424 2560 597 2617 Eucharistiae
618 2572 806 2619 sacramentam
833 2562 910 2617 etiam
961 2576 1078 2631 caenam,
1094 2573 1122 2617 ut
1136 2565 1241 2636 quiaque
1255 2566 1286 2620 ala
1305 2564 1553 2638 Scriptnriaaouctia
1566 2570 1605 2624 ael
1618 2568 1649 2625 da
1662 2570 1767 2642 proprio

111 2655 270 2709 arridaeum
282 2655 385 2711 coetilm
406 2656 528 2711 ramirum
554 2653 675 2727 (Tertull.
696 2655 743 2713 tt.
770 2654 802 2709 dc
814 2652 908 2711 Cornu.
960 2656 1062 2728 inqeuio
1073 2666 1165 2729 potest,
1175 2668 1325 2729 prouocatur
1339 2660 1366 2715 in
1378 2660 1489 2715 aredium
1502 2661 1557 2717 Deo
1567 2678 1657 2718 eonem
1667 2663 1766 2735 (idem,

111 2747 201 2814 utilit,
217 2765 274 2820 cop.
303 2747 355 2821 5)
375 2748 468 2821 Neque
490 2750 544 2805 alio
576 2750 723 2805 norninsa
749 2736 836 2805 Plinio
860 2747 909 2806 Sc·
960 2748 1179 2822 Apoloqet.,cap.
1195 2752 1315 2825 Sll,paq.
1330 2750 1405 2825 lii).
1429 2752 1543 2811 Remota
1563 2755 1765 2828 itaquemensa,

112 2840 202 2897 cundo
231 2841 259 2896 in
287 2856 335 2897 sna
355 2840 390 2899 ad
409 2840 554 2911 Traianum
582 2842 773 2912 imperatorem
796 2840 910 2913 epistola
960 2842 1415 2915 unnsquisqnetrymnumaliquem,
1427 2855 1474 2901 aot
1486 2845 1658 2917 desumptum
1670 2862 1701 2905 ur
1718 2864 1761 2905 sn·

112 2944 294 2992 racatosesse
310 2943 434 2993 testatur.
470 2935 704 3007 ineasiquidem,
729 2936 830 3007 utipse
842 2934 909 2991 Ter·
961 2948 1009 2991 cra
1028 2934 1176 3006 Scriptura,
1197 2946 1242 2993 aut
1261 2937 1371 3008 proprio
1390 2938 1545 3009 ingeniola
1566 2938 1698 2997 horrorem
1718 2941 1767 3000 nei

112 3027 240 3085 tullianus
262 3028 365 3096 retulit,
384 3029 488 3085 Plinius
513 3030 661 3100 scripserat
681 3028 749 3085 nillil
767 3030 795 3083 iu
819 3038 908 3084 saera·
961 3030 1151 3099 compositum,
1182 3029 1209 3085 in
1234 3030 1316 3086 totius
1332 3044 1477 3089 corneasus
1498 3040 1526 3087 et
1549 3046 1658 3090 coronas
1678 3033 1767 3091 medlo

112 3125 299 3178 naaratiaearmn
312 3123 728 3196 cliristinnorumaecoaaperiaae,
742 3139 818 3195 quam
832 3131 911 3178 amaa
962 3126 1112 3183 currendum
1131 3128 1337 3199 provocabatur.
1367 3128 1402 3183 At
1415 3128 1564 3200 Cyprianus
1580 3128 1709 3185 Donatum
1731 3128 1765 3187 ad

112 3214 277 3272 cartelacanoa
297 3216 331 3269 ad
344 3218 486 3271 cauendum
502 3216 602 3271 Curiata
617 3226 640 3271 et
661 3214 715 3272 ttea
730 3215 826 3289 (idern,
841 3216 910 3286 alpo-
963 3220 1081 3292 psalmos
1105 3220 1222 3291 quodam
1242 3220 1286 3277 die
1310 3222 1494 3277 concinendos
1513 3218 1589 3277 hisce
1608 3220 1768 3278 adhortatur

113 3306 191 3379 loqet.
205 3324 264 3379 cap.
276 3307 305 3375 2,
314 3325 373 3381 paq.
383 3308 538 3378 iiipouin
551 3310 631 3364 ctiam
642 3307 671 3365 lri
680 3318 765 3365 coetrrs
778 3321 911 3363 rursuma
964 3313 1071 3369 verbis:
1092 3312 1131 3367 tn
1142 3314 1262 3384 quoniam
1274 3315 1366 3387 [enata
1379 3330 1447 3369 nunc
1465 3314 1547 3386 quies,
1569 3330 1599 3369 ac
1611 3323 1710 3385 tempus
1730 3322 1767 3371 est

113 3400 282 3457 Tertulliano
308 3404 483 3459 nominantur
512 3409 652 3459 nocturna·
681 3402 910 3458 convocationes:
963 3407 1083 3473 otiosum,
1104 3406 1238 3477 quidquid,
1259 3406 1382 3461 inclinato
1404 3407 1462 3477 jour
1484 3405 1559 3475 sole,
1579 3406 1606 3461 in
1635 3421 1766 3478 uesperam

114 3494 179 3563 Quia
196 3495 338 3560 nocturnis,
351 3493 688 3565 inquit,conaocotiouilaa,
709 3494 731 3549 ⁸5
745 3494 911 3564 ¹'‘1²⁰t10l'lllss·
963 3501 1014 3557 diei
1033 3510 1158 3572 superest,
1186 3501 1311 3557 dacanaa
1337 3502 1403 3556 duno
1431 3500 1498 3556 diem
1527 3500 1588 3569 lasti,
1614 3516 1659 3556 racc
1677 3501 1710 3556 ait
1729 3500 1768 3557 nel

112 3586 157 3653 rit,
173 3602 280 3642 uxorem
291 3603 308 3640 tt
319 3586 398 3642 lutare
410 3603 457 3642 aaa
470 3586 550 3642 ndintl
564 3586 669 3641 libenter
686 3586 768 3657 feret-⁹
786 3585 819 3642 El
833 3584 912 3655 paulo
964 3594 1028 3649 liora
1047 3592 1156 3649 conuiuii
1174 3595 1259 3666 qratia
1272 3594 1382 3650 caelestia
1400 3592 1540 3649 immunis:
1563 3601 1635 3649 acuet
1656 3592 1768 3665 prolutas

112 3687 195 3750 post:
212 3677 341 3735 Nontclct
355 3680 633 3751 insulsaqm'dtecrclc
646 3687 704 3735 unte
718 3677 912 3735 orranemcilram
963 3686 1106 3743 concinium
1125 3685 1249 3753 solarium,
1266 3696 1289 3741 et
1309 3685 1397 3741 altili
1417 3686 1540 3741 irreraron'a
1557 3694 1634 3741 tenua
1652 3696 1700 3755 cat,
1720 3700 1769 3741 oon

112 3784 209 3848 postca,
224 3778 304 3847 atquc
316 3774 385 3831 adeo
397 3776 535 3831 matutinis
557 3774 650 3841 1¹0th
671 3783 695 3828 et
708 3775 731 3829 εἰ
744 3774 844 3831 aaran
862 3789 911 3843 po·
962 3796 1068 3849 canora,
1089 3779 1226 3853 aqqredera
1245 3780 1292 3834 laoc
1304 3794 1406 3834 ureniana
1425 3794 1456 3834 ec
1471 3794 1550 3835 neore.
1601 3779 1686 3851 llaqis
1705 3778 1769 3834 clao-

113 3885 182 3936 Μ,
202 3867 339 3923 ”villum
358 3867 438 3923 ΜΠ
460 3864 911 3940 aaa,qatdtanar(1aam,ua.11
962 3875 1076 3930 sinistros
1095 3890 1203 3945 possea,
1224 3874 1246 3929 ai
1264 3872 1297 3929 ait
1315 3871 1388 3928 nolis
1416 3872 1538 3944 spiritalia
1557 3871 1672 3940 anditio,·
1704 3890 1768 3945 pro·

112 3961 148 4017 ad
183 3959 279 4029 licor,
312 3977 370 4029 cap.
399 3959 453 4033 l).
472 3959 560 4017 Simili
581 3960 662 4016 etiam
685 3959 765 4015 ruodo
797 3958 911 4030 Cypria·
962 3968 1037 4024 lactat
1055 3967 1261 4039 aurearcliqiosa
1280 3965 1388 4021 dulcedo
1403 3964 1537 4040 (capraea.
1553 3962 1766 4037 titadtuaae,

113 4070 165 4112 nus
184 4054 217 4112 ad
248 4055 389 4111 coritium
416 4052 474 4109 lraec
493 4053 521 4109 in
541 4053 622 4111 rerba
652 4052 779 4125 scripsit:
802 4050 863 4108 Nisi
887 4054 911 4109 si
960 4060 1087 4135 sapa).
1125 4061 1154 4119 St
1172 4061 1336 4133 qarisantom
1362 4060 1470 4133 objiciat
1487 4060 1522 4116 ibi
1544 4061 1708 4134 Cyprianum
1732 4062 1767 4121 do

115 4149 143 4204 iu
157 4147 413 4219 nautatiuislrocquic
430 4154 543 4212 veretur,
555 4162 587 4202 ue
599 4162 644 4216 per
656 4161 773 4217 saporem
794 4145 845 4201 nuri
869 4161 909 4201 re-
961 4156 1046 4211 sacris
1064 4169 1118 4211 non
1140 4155 1212 4227 loqui
1228 4152 1382 4227 synaxibus,
1407 4153 1469 4226 qnid
1492 4154 1554 4210 inde
1581 4156 1768 4229 prornoreliitl

114 4242 199 4297 doleat
224 4239 373 4315 susacim
395 4240 492 4298 canan
520 4239 655 4314 (cyprian.
681 4241 757 4313 epist.
787 4240 845 4309 6³,
874 4242 910 4296 “tl
962 4250 1075 4307 Sicnirn
1093 4250 1120 4307 in
1144 4250 1332 4305 comniunibus
1346 4250 1431 4305 crearis
1458 4248 1555 4319 psalmi
1579 4245 1765 4321 cantabantur,

113 4334 200 4390 Cosil-
215 4333 237 4407 l·
265 4334 332 4403 Qttae
363 4335 453 4389 taniam
482 4335 511 4391 iu
544 4334 604 4389 ullis
622 4333 744 4405 plurilus
769 4333 910 4393 codicillus
961 4354 1060 4416 quanto
1079 4344 1167 4415 potius
1186 4344 1212 4399 in
1232 4343 1316 4399 sacris
1335 4342 1480 4415 synaxibus
1495 4344 1598 4401 concini
1612 4343 1767 4403 debebant?

112 4427 303 4497 manuscrits*
323 4428 359 4482 lli
375 4426 500 4499 laquntur
511 4445 518 4483 ²
546 4425 602 4482 ⁸⁰⁶
624 4428 683 4499 ‘llll‘
696 4437 806 4496 memor,
824 4445 858 4484 ne
872 4429 909 4482 tl·
960 4439 993 4496 Et
1007 4438 1208 4501 ecrtoPlinius.
1234 4438 1268 4495 alt
1289 4438 1347 4511 ipso
1374 4438 1538 4497 Tertulliano
1564 4438 1662 4497 citatus
1689 4439 1766 4513 (Ter-

113 4539 174 4578 rnnu
193 4520 340 4588 offocaris
358 4522 607 4592 persaporeuauim',
631 4522 709 4576 odore
725 4523 861 4593 papante,
876 4522 908 4579 ab
961 4532 1063 4588 senuaar.
1094 4530 1248 4603 Aproioqet.,
1278 4546 1336 4601 cap.
1376 4530 1422 4597 59,
1454 4550 1512 4605 paq.
1546 4532 1620 4605 tot),
1645 4532 1678 4589 ad
1698 4532 1767 4589 Tra.

112 4614 212 4682 infideli
225 4613 379 4667 witam&
392 4606 526 4667 ⁰1¹⁰''llltl
540 4613 610 4689 Μ’*
624 4615 755 4670 nratatinia
773 4616 850 4684 [uerit
863 4632 908 4689 aq·
958 4626 1068 4697 janum,
1092 4624 1161 4680 sieut
1180 4636 1257 4681 antea
1286 4626 1420 4691 aldionis,
1442 4626 1586 4697 scripserat
1614 4640 1667 4681 non
1693 4624 1767 4683 aliud
1858 4646 1863 4655 *

112 4708 230 4775 stimat
244 4714 396 4778 “etmulti
408 4723 463 4763 Μ
476 4706 639 4773 stammana,
655 4708 716 4762 ditm
737 4725 784 4765 ποί
805 4713 909 4783 aaroni
960 4716 1063 4774 arianen
1074 4718 1101 4772 in
1116 4716 1279 4773 antecnlanls
1289 4717 1499 4774 Christianorum
1512 4716 1765 4789 congregationibus
1855 4708 1858 4717 ’

112 4816 171 4855 nem
185 4799 281 4855 Gltrittt'
294 4798 381 4855 lavini
394 4798 521 4855 allatione
532 4793 768 4857 commentaremur·
961 4823 1020 4866 ase
1036 4809 1245 4880 deprehensum,
1262 4810 1313 4867 nisi
1325 4811 1396 4881 quod
1410 4809 1540 4883 hymnum
1559 4806 1667 4866 Christo
1688 4810 1766 4881 quasi

148 4894 319 4951 simonianis
329 4894 410 4967 liujus
422 4894 523 4953 nodam
535 4896 643 4966 quidam
657 4897 724 4953 solvi
737 4912 819 4969 posse
830 4908 909 4957 autu·
962 4902 1020 4957 [teo
1031 4909 1170 4959 coicerent.
1190 4902 1228 4959 lta
1242 4900 1285 4959 lais
1300 4916 1381 4974 porro
1392 4902 1498 4977 hymnis
1512 4886 1576 4959 atili
1588 4901 1765 4961 disseruimus

112 4996 187 5045 mant
207 4988 398 5060 distinguendo
419 4987 517 5060 duplex
540 5002 677 5062 synaxeon
699 5005 793 5062 genus.
822 4990 910 5049 linum
962 4992 1049 5066 (Tam.
1064 4994 1076 5049 l
1089 4994 1227 5066 Apparet,
1243 5012 1304 5066 paq.
1319 4995 1383 5063 tta,
1399 4992 1453 5051 odd
1465 5004 1489 5050 at
1503 4992 1578 5067 658).

112 5084 184 5140 enim
198 5096 259 5138 esse
271 5083 356 5151 aiurat,
370 5080 398 5138 in
410 5096 465 5154 quo
484 5081 652 5139 Eucharistia
667 5064 911 5156 aclrristiaois‘je·
998 5086 1072 5144 Talis
1091 5102 1172 5160 porro
1190 5088 1239 5146 luit
1257 5088 1337 5160 hujus
1355 5088 1471 5145 convivii
1491 5087 1563 5154 linis,
1580 5089 1658 5160 quale
1675 5086 1763 5147 iuerat

111 5174 395 5248 iunissummomane
417 5176 582 5233 sumebatur.
622 5176 744 5233 alterum
766 5178 908 5235 veroillud
960 5181 1032 5239 iliius
1047 5181 1249 5239 initium:llam
1263 5196 1335 5254 aque
1346 5182 1439 5250 oratio,
1454 5182 1490 5239 ait
1500 5180 1691 5249 Tertullianus,
1703 5197 1764 5237 coo·

113 5282 174 5324 esse
188 5276 310 5333 censent.
323 5267 423 5339 dequo
434 5268 548 5340 aqimus.
562 5270 635 5341 quod
647 5286 750 5342 agapen
763 5271 907 5341 vocabant,
960 5274 1053 5330 uiuam
1067 5275 1174 5331 alirinait.
1197 5274 1286 5333 Finito
1299 5276 1390 5348 itaque
1410 5275 1584 5346 psalmorum,
1599 5274 1656 5331 sire
1675 5273 1763 5332 nau-

112 5358 270 5429 solcltatque
281 5360 332 5417 sul)
345 5374 485 5431 vesperam
498 5359 628 5420 inchoari.
666 5364 719 5421 Sed
733 5373 827 5421 contra
839 5366 909 5425 lianc
960 5371 1121 5438 utrumvel
1135 5370 1294 5444 hymnorum
1305 5352 1548 5439 cantu,Clrristiaai
1563 5385 1655 5442 preces
1669 5384 1761 5431 rursus

112 5452 315 5523 responsionem
329 5451 417 5509 lacere
426 5453 550 5509 ridemur
562 5455 908 5529 SocmtcsetSoaomenas,
960 5460 994 5516 ad
1008 5462 1107 5533 gratias
1123 5462 1177 5519 Deo
1186 5463 1302 5534 agendas
1312 5461 1469 5519 inridebant.
1482 5461 1601 5531 Denique
1611 5460 1671 5517 inde
1680 5460 1763 5518 disce-

112 5544 159 5615 qui
176 5556 300 5601 asserunt
312 5559 366 5601 non
380 5531 503 5601 eumdem
514 5546 640 5619 ubiquea
654 5548 809 5609 christianis
817 5565 909 5609 serra·
959 5552 1038 5621 disan
1055 5555 1135 5613 rerba
1150 5555 1238 5612 adlruc
1248 5562 1311 5612 sunt
1322 5553 1490 5621 Tertulliani,
1503 5554 1536 5609 ad
1546 5554 1660 5609 canadam
1673 5570 1761 5611 aarum

112 5645 169 5694 tum
188 5645 275 5700 cutus
292 5653 357 5695 suos
370 5639 467 5711 agendi
488 5654 604 5698 morem.
631 5640 747 5701 Narrant
766 5646 866 5718 quippe
880 5646 907 5703 in
959 5649 1090 5707 madenia
1101 5657 1125 5706 et
1137 5650 1275 5722 pudicitiae,
1296 5649 1340 5717 qai
1358 5665 1411 5705 uara
1425 5656 1476 5705 mm
1489 5663 1585 5704 conam
1598 5646 1759 5716 amaverint,

112 5730 272 5804 quibusdam
288 5730 415 5791 Eccleslis
436 5733 560 5802 sabbato,
576 5733 604 5791 in
622 5734 683 5793 aliis
707 5736 843 5797 dominica
863 5740 908 5799 die
958 5760 1036 5820 quana
1053 5742 1387 5817 discipliuumlTertullioa.
1403 5742 1550 5815 Apolopct„
1565 5758 1622 5813 cap.
1634 5738 1681 5809 aa,
1696 5754 1757 5813 pap.

112 5834 187 5887 aetas
202 5838 333 5901 syonen
355 5840 441 5904 aaut,
450 5838 559 5909 quaqua
574 5829 703 5902 ursana
720 5830 750 5895 ia
767 5833 906 5903 namma
958 5839 1034 5915 tlt),
1053 5838 1106 5903 iot
1119 5848 1172 5914 ost,
1187 5854 1308 5904 normam
1327 5839 1372 5929 pie
1398 5844 1543 5911 noctram
1573 5833 1679 5901 risendi
1695 5876 1704 5909 ,
1723 5846 1756 5894 ac
