4084 6334
146 345 186 412 ta
888 339 1085 410 enarratu.
1773 359 1810 424 50

149 462 229 524 dotes
238 461 360 536 prioridie
368 473 467 536 eorpus
477 461 536 536 elus
553 459 699 522 laemsunt.
713 460 736 520 0
750 471 846 520 munus
860 461 955 534 praei·
968 455 997 527 A
1008 461 1156 532 eredimus,
1176 479 1230 522 non
1256 465 1416 540 essequod
1432 469 1501 528 ultra
1513 465 1639 540 {eredere
1663 473 1809 540 debeamus

148 557 257 616 dende!
276 557 499 630 Videriottop'am
511 557 769 631 persimilitudinem
779 555 880 616 dictum
895 557 951 616 sit:
1007 555 1019 630 (
1035 555 1117 625 lito..
1132 575 1191 632 cap,
1207 559 1251 629 ll,
1267 568 1286 617 t.
1301 560 1334 633 ll,
1350 563 1400 619 rot.
1413 563 1472 637 20).
1491 584 1500 619 r

147 652 183 712 Si
196 663 219 710 le
229 670 322 712 atratus
335 663 381 710 tuo
392 653 560 726 scandalizat,
582 665 686 729 amputo
701 671 767 712 eunt.
790 655 856 724 Quae
870 655 955 728 magis
1043 652 1083 709 De
1094 651 1251 710 Clericorum
1264 658 1448 714 contineretur
1464 659 1560 730 Quanti
1576 662 1654 736 igitur
1664 673 1690 723 ct
1702 677 1808 739 quarelae

145 749 417 822 amputaudnquam
432 750 459 808 in
473 751 570 822 quibus
586 749 690 807 Domini
707 765 808 836 eorpus
821 749 955 808 scandali-
1008 744 1036 804 iu
1061 747 1253 807 ecelesiasticis
1271 751 1412 810 ordinibus
1426 753 1460 812 de
1471 758 1634 816 continentia
1651 771 1806 834 censentur,

145 853 228 902 satur
245 845 251 901 !
270 862 281 900 r
298 841 368 919 (dib.
383 846 416 902 rte
434 843 599 914 idolotatria,
614 861 672 918 cap.
684 844 711 912 t,
729 853 748 900 r.
763 843 782 914 t,
798 841 953 917 rottubu.)
1008 839 1053 911 qui
1068 839 1124 896 Deo
1138 841 1241 900 nubere
1255 842 1416 915 maluerunt,
1429 847 1474 918 uui
1496 851 1585 925 carnis
1597 865 1652 910 suae
1674 853 1807 914 bonorem

145 963 151 1004 e
187 937 286 996 Mulier
308 939 455 1010 olaristiono¹
478 939 623 995 beatioribus
649 940 750 1012 placere
773 939 887 1012 rreplipit,
903 939 955 995 ium
1006 933 1190 1008 instituerunt,
1205 937 1304 1010 quiquo
1317 953 1346 997 so
1364 937 1419 1012 iam
1433 925 1631 1018 illius'pudorls
1644 947 1714 1006 lilios
1732 951 1807 1008 dica-

148 1035 288 1092 boneu-
303 1053 314 1088 r
331 1034 471 1104 Perfecto,
484 1035 511 1092 id
524 1045 565 1092 est
577 1033 856 1106 ebetsumaepudiea,
872 1047 956 1105 appe·
1006 1038 1113 1097 renutu,
1141 1029 1296 1090 occidentes
1320 1033 1348 1091 iu
1373 1047 1402 1092 se
1422 1039 1666 1112 concupiscentiam
1687 1042 1808 1106 libidinis

150 1131 276 1190 titionem
297 1131 340 1187 sui
356 1145 409 1187 amu
424 1138 526 1186 tautum
539 1145 594 1187 non
606 1127 796 1202 appetendam,
812 1125 955 1184 sedetiam
1010 1132 1039 1180 et
1054 1131 1140 1180 totum
1154 1125 1219 1182 illud
1233 1126 1305 1200 quod
1323 1128 1395 1188 intra
1414 1134 1568 1206 paradisum
1586 1149 1639 1192 non
1655 1137 1743 1208 potuit
1760 1139 1808 1196 ad-

150 1223 352 1283 esseorundam
371 1223 447 1279 robis
460 1224 551 1280 sciatis
569 1241 575 1279 :
590 1223 687 1295 primo,
707 1220 779 1295 quod
793 1235 847 1278 non
861 1220 896 1278 de
910 1220 955 1278 iu·
1007 1219 1077 1277 mitti
1081 1259 1136 1281 .....
1141 1261 1160 1298 ,.
1184 1222 1248 1282 lude
1260 1227 1331 1299 apud
1352 1245 1403 1288 nos
1428 1231 1534 1305 plonius
1556 1241 1639 1308 atquc
1652 1235 1809 1296 instructius

149 1331 226 1392 tegra
238 1320 405 1378 couscientia
416 1318 490 1374 veuit
499 1315 616 1374 studium
628 1317 751 1389 placendi
761 1315 953 1391 perdecorem,
1006 1315 1190 1386 proscribitur
1199 1322 1279 1379 uarius
1293 1337 1355 1381 esse
1367 1326 1535 1385 matrimonii
1552 1337 1681 1401 oportere
1698 1331 1746 1404 qui
1758 1332 1807 1389 ad-

148 1509 232 1582 igitur
250 1507 278 1564 iu
292 1514 319 1564 te
332 1505 438 1564 excitas
448 1504 549 1562 naulum
572 1502 641 1562 istud
652 1503 740 1575 l'qrrid
755 1501 862 1572 inritas,
878 1501 954 1573 euius
1008 1509 1027 1556 t.
1040 1499 1074 1572 ΙΙ,
1084 1519 1106 1559 c.
1122 1505 1149 1572 ¹1,
1164 1509 1214 1566 col.
1227 1508 1290 1579 922,
1305 1528 1328 1568 r.
1343 1511 1386 1584 15,
1408 1515 1459 1572 col.
1473 1515 1566 1591 93⁰)·’

149 1601 327 1676 teproiltoris
340 1602 517 1660 exuaueamt
531 1608 586 1655 tum
598 1596 669 1670 quod
684 1595 954 1654 tentationibusriam
1044 1596 1130 1654 Houro
1148 1601 1233 1675 turapo
1252 1601 1301 1661 Dei
1326 1623 1371 1681 per
1392 1607 1498 1666 liberam
1521 1610 1714 1684 arbiminin.»-
1728 1615 1808 1674 «Non

150 1697 258 1771 aperire
271 1709 326 1752 non
343 1695 483 1763 debenus,
500 1707 559 1766 queo
570 1705 763 1764 nonnunquam
780 1689 870 1766 (quuod
884 1689 954 1748 Deus
1006 1687 1075 1749 lucie
1088 1692 1169 1751 bomo
1183 1695 1217 1752 ad
1233 1696 1392 1758 uniformem
1409 1701 1458 1758 Dei
1475 1717 1622 1775 expressus
1642 1717 1698 1775 est;
1722 1709 1768 1765 scd
1782 1710 1810 1766 in

151 1807 167 1850 a
184 1793 242 1850 suis
254 1789 365 1863 abigat)
383 1789 507 1846 instando
518 1787 678 1860 perficiunt,
695 1795 769 1843 certe
791 1784 835 1842 rel
857 1785 953 1857 spiritu
1007 1789 1291 1864 easubstuntiaquam
1304 1795 1409 1868 abipso
1422 1797 1478 1856 uee
1491 1800 1582 1870 traxit,
1596 1800 1622 1857 id
1644 1811 1686 1859 est
1700 1802 1808 1874 anditum,

152 1873 482 1954 scandatum'pennorene
496 1880 548 1956 (lie
559 1879 635 1936 Cultu
649 1877 732 1936 Ferae.
748 1877 790 1934 tib.
807 1878 841 1948 ll,
855 1895 913 1952 cop.
926 1879 953 1951 2,
971 1873 995 1939 B
1010 1879 1045 1937 ad
1059 1882 1171 1940 formam
1181 1885 1228 1944 Dei
1240 1887 1427 1960 respondentis
1442 1899 1469 1948 et
1482 1892 1587 1950 arbitrii
1597 1895 1639 1952 sui
1650 1895 1810 1956 libertatem

155 1987 173 2036 t.
188 1979 209 2048 l,
231 1977 280 2034 col.
302 1976 373 2034 tuit
390 1979 411 2045 J.
430 1994 439 2060 a
1010 1982 1145 2046 potestate
1157 1977 1277 2049 signatus
1301 1991 1352 2040 est.
1364 1982 1552 2043 lluncstatum
1568 1987 1628 2060 eius
1641 1989 1810 2048 conmmanit

162 2059 167 2072 ⁸
195 2073 275 2130 Furor
294 2071 429 2139 adbibere,
451 2069 526 2142 puolo
545 2069 649 2125 crimen
663 2068 788 2126 -tNou
811 2081 956 2142 supergre-

165 2166 321 2226 diendumio
338 2165 463 2222 ornando
484 2179 598 2236 corpore
611 2162 691 2232 ultra,
713 2179 791 2236 quam
807 2161 878 2235 quod
892 2164 957 2220 sim·

165 2262 243 2334 plices
263 2268 289 2316 et
306 2258 476 2317 subicientes
493 2255 632 2314 munditia
650 2257 861 2329 concupiscunt,
888 2257 957 2314 ultra

160 2369 235 2427 poam
244 2352 360 2410 Domino
370 2351 494 2424 placere;
507 2351 534 2408 iu
546 2351 620 2408 illum
632 2351 703 2408 euim
715 2351 883 2425 delinquunt,
898 2365 957 2424 quite

1010 2067 1090 2125 etiam
1106 2067 1290 2142 ipsalex.Non
1298 2077 1370 2133 enim
1382 2088 1529 2150 poneretur
1536 2080 1580 2138 lex
1595 2082 1621 2140 ci
1635 2083 1679 2154 qui
1694 2098 1748 2140 noo
1761 2083 1811 2142 ha·

1010 2161 1087 2220 beret
1101 2163 1258 2238 obsequium
1274 2169 1395 2228 debitum
1415 2171 1468 2246 legi
1481 2175 1508 2230 in
1519 2189 1568 2232 sua
1588 2185 1743 2248 potestate:
1759 2194 1810 2236 uec

1009 2271 1104 2314 rursus
1123 2260 1296 2318 comminutio
1310 2263 1405 2322 mortis
1420 2268 1628 2338 transgressioni
1640 2269 1809 2330 adscribere·

1010 2356 1067 2419 tur,
1083 2352 1105 2408 si
1128 2367 1182 2408 mon
1196 2361 1224 2408 ct
1235 2363 1408 2429 couteruplus
1421 2356 1489 2430 lepis
1503 2359 1531 2414 iu
1543 2359 1646 2417 arbitrii
1660 2360 1810 2420 libertatem

155 2457 240 2506 eutem
262 2445 487 2504 medicaminibus
509 2454 621 2518 napum,
643 2460 726 2518 geraus
743 2445 842 2502 rubore
867 2461 958 2502 nraou-
1009 2441 1112 2501 bomini
1132 2446 1438 2518 deputaretur...Sedct
1447 2452 1514 2510 alias
1524 2454 1602 2526 quale
1613 2466 1681 2524 erut,
1694 2458 1811 2516 uttotius

151 2541 243 2600 lant...
259 2539 392 2612 Displicet
412 2539 465 2596 illis
488 2539 615 2596 nimirum
631 2539 741 2611 plastica
764 2537 810 2596 Dei
827 2556 834 2594 τ
852 2539 879 2594 in
892 2537 957 2610 ipsis
1009 2535 1102 2593 ntuudi
1114 2539 1256 2611 possidens
1270 2541 1424 2615 laomo,nou
1440 2544 1467 2600 iu
1481 2546 1575 2615 primis
1587 2547 1668 2604 autimi
1684 2547 1725 2604 sui
1749 2565 1810 2622 pas·

150 2641 329 2714 redarguunt,
344 2640 545 2715 reprehendunt
556 2639 687 2698 artificem
707 2638 838 2696 omnium.
853 2635 957 2709 llepre·
1009 2633 1086 2689 sione
1096 2645 1229 2706 regeneret,
1243 2637 1356 2695 aliorum
1369 2638 1505 2708 dominus,
1519 2641 1561 2698 sui
1576 2641 1810 2714 laurioluslbibll,

151 2738 274 2798 lacudunt
286 2739 359 2796 enim
376 2753 437 2794 cum
453 2736 608 2804 emendant,
625 2751 686 2792 cum
708 2731 849 2806 adjiciunt,
866 2734 957 2804 utique
1009 2727 1109 2783 odoera.
1124 2727 1265 2803 Marcion,
1281 2748 1339 2806 cop.
1354 2734 1380 2801 5,
1396 2733 1422 2802 6,
1439 2744 1457 2790 t.
1472 2731 1504 2806 ΙΙ,
1521 2736 1572 2792 rol.
1588 2736 1652 2806 dib,
1667 2737 1744 2810 sut).
1762 2757 1773 2792 r

151 2831 352 2890 phadi-arsapio
362 2833 463 2890 artifice
481 2840 619 2889 supremus
633 2821 786 2887 addimento
798 2829 859 2897 ista,
874 2827 901 2885 id
916 2834 959 2886 est
1046 2821 1116 2879 Deru
1138 2825 1264 2911 eutrandus
1277 2837 1304 2883 ert
1318 2827 1414 2896 Peter,
1430 2831 1556 2888 tirrannum
1576 2817 1604 2887 at
1617 2811 1812 2889 maurianensi}

151 2927 271 2986 diabolo,
291 2947 301 2984 ‚
324 2926 420 3002 (ibid,
432 2943 489 2999 cap,
504 2927 530 2996 5,
547 2925 596 2982 ραι,
611 2923 705 3000 ιδῃ)
1013 2914 1139 2974 riustitia
1149 2918 1195 2975 lici
1204 2920 1343 2991 plenitudo
1352 2933 1394 2980 cst
1406 2923 1554 2982 diuinitatis
1569 2927 1667 2999 ipsius,
1681 2927 1812 2986 eslribcns

188 3022 282 3096 luropo
296 3021 411 3078 mulieris
421 3014 958 3090 admistionem-‹Proditejamcosmedi·
1010 3011 1095 3069 Deum
1112 3013 1268 3087 perlectum,
1289 3027 1318 3074 et
1340 3028 1443 3091 patrem
1467 3030 1493 3077 ct
1518 3019 1678 3079 douriuum:
1695 3032 1809 3096 putrem,

151 3117 286 3176 conseritis
310 3123 338 3172 et
362 3115 527 3170 ornamentis
551 3119 695 3172 exstructos
715 3105 898 3182 apostolorum
901 3144 957 3164 .....
1010 3105 1174 3177 clementia3
1198 3109 1346 3182 dominum,
1364 3111 1526 3184 disciplina;
1548 3122 1661 3186 patrem,
1678 3119 1811 3189 purteitutc

151 3221 234 3282 ooput
248 3209 354 3265 ranarius
367 3206 502 3280 srrbjieito,
517 3207 623 3264 alsatis
638 3213 741 3262 ornatae
755 3203 845 3270 eritls;
862 3217 959 3258 nunnus
1011 3197 1119 3270 bianum
1133 3203 1281 3276 dominum,
1294 3221 1408 3274 sercra;
1432 3217 1547 3279 patrem,
1566 3209 1730 3283 diligendum
1745 3212 1787 3284 pie
1801 3231 1809 3281 ;

152 3305 222 3364 larris
233 3313 387 3376 occupate,
402 3303 484 3375 pedes
497 3301 571 3358 donni
585 3299 675 3374 figite,
689 3307 716 3356 ct
738 3299 798 3371 plus
812 3311 904 3385 ¹‹puam
930 3295 957 3351 iu
971 3281 996 3350 C
1011 3293 1160 3367 danninum,
1184 3297 1329 3356 timendum
1344 3302 1496 3359 necessarie
1519 3318 1527 3358 a
1556 3301 1729 3375 diligendum,
1748 3307 1809 3378 qrria

154 3417 221 3461 auro
237 3400 393 3473 placebunt.
406 3397 510 3456 Vestite
522 3411 570 3453 ros
583 3395 670 3453 serico
681 3391 831 3467 probitatis,
848 3391 957 3462 bissyno

158 3494 322 3562 sanctitatis,
339 3505 457 3565 purpura
481 3477 744 3562 pudicitiae.Tulilu1·
764 3485 955 3558 pigmentata,

155 3590 243 3650 Deum
257 3587 392 3645 babebitis
405 3593 552 3642 amatorem
567 3581 660 3658 (ltin,
677 3579 797 3654 eupli).
816 3599 825 3634 r

191 3685 352 3741 Cleristlonus
366 3681 506 3753 uoluptates
517 3677 605 3734 murrdi
614 3680 702 3750 [opere
712 3675 831 3730 dedeb-
840 3691 850 3727 a
860 3671 899 3730 Tu
913 3688 960 3746 pc-

154 3779 281 3852 regriuus
296 3775 389 3832 mundi
412 3773 501 3845 liujus,
522 3773 587 3829 ciris
605 3783 728 3842 supernae
743 3767 957 3826 Hierusalem...

156 3871 229 3928 Nilril
247 3870 294 3926 tibi
309 3879 371 3925 cunt
385 3865 490 3940 gaudiis
500 3865 602 3933 soeculi,
615 3863 670 3919 imo
685 3861 849 3919 contrarium
865 3859 957 3917 debes.

157 3966 292 4024 Secutum
312 3965 380 4020 mira
397 3961 525 4036 pendebit,
539 3976 583 4016 ror
598 3975 655 4015 uero
669 3957 795 4030 terpaton.
817 3955 850 4016 Et
874 3955 959 4029 [elices

156 4063 194 4118 ait
211 4061 375 4133 luipoldus...-
388 4053 483 4114 Ouaunia
500 4053 656 4126 imaginaria
684 4051 712 4108 in
737 4050 837 4107 sarculo
853 4057 879 4106 ot
893 4047 960 4105 nibil

80 4214 84 4222 ,
156 4155 216 4212 rcrl
230 4151 300 4225 (tit.
316 4151 347 4208 de
360 4149 462 4206 Corona
475 4148 573 4212 attilltr's,
588 4163 646 4218 cop.
662 4145 705 4214 l5,
727 4152 746 4198 i.
768 4141 802 4212 ΙΙ,
816 4141 865 4198 col.
880 4141 957 4213 96).»

193 4245 323 4303 Aduersus
346 4244 473 4300 venialem
498 4239 569 4296 trullo
595 4238 763 4312 prescriptio.
775 4266 811 4278 -
827 4256 836 4288 r
855 4233 962 4292 Ver-ituri

157 4355 240 4400 trenno
249 4337 425 4414 praescribere
436 4344 533 4408 potsse
544 4349 597 4390 nou
610 4333 725 4406 spatium
738 4341 898 4403 temporum,
907 4343 961 4386 riou

158 4433 311 4510 patrocinia
330 4443 517 4504 personarum,
539 4443 592 4484 mort
617 4426 784 4500 privilegium
808 4425 959 4498 regionum.

157 4528 201 4588 Ex
213 4527 254 4582 bis
267 4523 340 4582 euim
353 4521 410 4580 lore
426 4519 592 4579 connsuetudo
611 4517 715 4574 initium
729 4515 764 4572 ab
779 4516 868 4590 aliqua
887 4516 963 4587 iguo·

158 4621 249 4678 rarrtia
259 4617 301 4676 rel
315 4614 486 4690 simplicitate
498 4613 602 4682 sortita,
616 4609 644 4666 iu
662 4625 739 4666 usum
752 4625 799 4681 per
811 4608 962 4666 successio-

1010 3388 1087 3446 malit
1109 3390 1294 3461 poeaitentiam
1320 3395 1490 3464 peccatoris,
1516 3409 1597 3466 apuam
1623 3406 1757 3466 ruortem3
1785 3411 1811 3455 ct

1010 3483 1168 3554 timendum,
1184 3487 1245 3558 qnia
1256 3485 1484 3560 nolitpcccatorcs
1495 3488 1601 3561 suijam
1612 3504 1666 3546 nou
1680 3492 1812 3562 poerritcn-

1010 3585 1062 3633 tes.
1076 3575 1142 3634 ideo
1153 3577 1195 3634 lex
1208 3589 1350 3651 utrumque
1361 3579 1473 3639 dillluit:
1484 3579 1580 3654 Dilipcr
1594 3581 1689 3648 Deum,
1704 3595 1727 3638 rt
1738 3586 1811 3640 tiene·

1011 3670 1049 3728 dis
1061 3669 1155 3726 Diruere.
1180 3670 1259 3728 :iliud
1274 3672 1426 3730 obsecutori
1441 3679 1593 3746 proposuit,
1609 3676 1680 3733 uliud
1701 3679 1810 3734 exorbi-

1013 3765 1103 3823 tatori.
1119 3764 1159 3822 dd
1172 3766 1261 3822 orrruia
1275 3767 1393 3825 occurrit
1406 3767 1454 3824 tibi
1467 3769 1628 3839 [leonidem
1646 3772 1809 3845 procusiores,

1011 3859 1059 3916 scd
1073 3867 1101 3917 et
1115 3873 1224 3926 sanutus,
1238 3861 1412 3929 mortificans,
1433 3861 1481 3919 scd
1494 3873 1522 3921 ct
1541 3863 1698 3932 rii·iluc.ms;
1720 3866 1810 3921 inaerari·

1012 3951 1091 4018 liaris,
1105 3952 1152 4009 scd
1165 3961 1194 4008 et
1206 3951 1354 4010 sublimans
1366 3972 1373 4025 ;
1393 3955 1512 4013 corruens
1526 3957 1606 4026 urnula,
1621 3957 1669 4014 scd
1681 3969 1709 4015 ct
1720 3975 1812 4032 pacem

1013 4043 1284 4118 iaciensllbiol.,eop.
1304 4045 1338 4105 ¹5
1366 4056 1389 4102 et
1408 4047 1454 4117 ΙΙ,
1469 4047 1594 4118 redwit,
1617 4050 1693 4122 sut).
1714 4070 1724 4104 r

1049 4139 1194 4209 llucusnuc
1216 4137 1317 4194 bonum
1343 4153 1404 4197 esse
1428 4154 1460 4197 ac
1487 4141 1628 4213 perutilem
1650 4141 1809 4199 Tertulliani

1013 4247 1092 4289 usum
1108 4249 1140 4289 ex
1152 4231 1277 4291 oneribus
1287 4248 1347 4306 qum
1362 4231 1396 4290 de
1410 4234 1469 4306 ejus
1487 4233 1609 4291 doctrina
1625 4239 1811 4308 congessimus

1014 4326 1094 4384 enixe
1116 4327 1231 4400 probaro
1251 4327 1367 4386 soluisse
1385 4327 1524 4398 ridemur;
1541 4329 1596 4400 jam
1619 4347 1683 4387 rero
1708 4332 1814 4388 crimuni

1014 4419 1092 4478 uubis
1103 4421 1200 4478 naerito
1214 4418 1294 4490 foret,
1310 4421 1336 4479 ui
1350 4421 1383 4478 ud
1396 4438 1508 4496 prauum
1519 4440 1596 4480 usum
1609 4426 1813 4497 procurandum

1014 4502 1193 4570 uilrileous'ilii
1209 4513 1380 4572 adderemus.
1391 4517 1436 4587 At,
1449 4517 1674 4590 quenaadmodum
1684 4529 1813 4591 sperantum

1014 4609 1145 4682 prodesse
1160 4620 1242 4683 queat
1256 4610 1314 4684 ejus
1333 4609 1454 4670 doctrina
1476 4613 1635 4682 statuimus,
1656 4615 1693 4668 ita
1710 4629 1743 4671 cr
1756 4615 1814 4685 ejus

158 4691 1154 4775 nomeorrolroratur,etltaaelrersusreritatemuindicatur.Derroribus
1180 4704 1349 4762 inferendum
1373 4714 1415 4763 est
1440 4723 1519 4780 quarn
1556 4723 1654 4765 nocere
1692 4709 1813 4780 possint,

158 4804 215 4862 Sed
227 4802 358 4861 Dominus
369 4809 461 4857 noster
472 4797 593 4856 Christus
604 4796 731 4851 uentorum
739 4809 779 4864 so,
791 4809 843 4851 non
851 4810 965 4852 eorrsue-

161 4895 285 4954 tudinem
299 4873 498 4966 cognominavit
512 4887 524 4966 Ι
536 4888 593 4946 bit.
613 4888 645 4944 ele
676 4885 821 4960 Vt'rpiuibus
850 4889 961 4957 rudtrud,

160 5007 221 5062 cup.
239 4989 296 5059 l,t.
311 4987 343 5057 ΙΙ,
360 4985 410 5044 ool.
423 4985 499 5058 usu).
523 5001 533 5037 a

200 5081 315 5139 Nosco:
336 5079 533 5153 presentantes
556 5077 700 5151 probanda,
724 5076 769 5133 sed
796 5091 909 5150 persouoe
934 5093 966 5132 cs

159 5159 227 5252 pide.
238 5199 279 5222 -a
293 5174 376 5232 allon
389 5189 422 5232 u
431 5173 547 5247 personis
564 5173 701 5245 prebuimus
713 5171 801 5244 fidene,
815 5173 861 5228 sed
874 5187 905 5227 es
914 5171 966 5243 tide

161 5284 308 5342 personosp
318 5266 571 5339 nemosaplonsesr,
582 5265 633 5322 uisi
646 5263 732 5324 fidelis
748 5281 756 5320 :
779 5265 965 5338 nemomajor,

161 5365 395 5423 nisitibristiauus
408 5378 418 5420 ι
431 5375 511 5419 nenio
525 5369 615 5418 autem
625 5357 799 5427 christianus,
812 5358 863 5417 nisi
876 5359 922 5431 qui
932 5359 966 5418 acl

163 5459 251 5519 finem
268 5472 355 5531 usque
373 5453 586 5530 perseveraverit
610 5453 670 5530 (Da
695 5449 845 5526 Proscript.
864 5452 963 5509 aduersa

165 5555 269 5614 lioerct.
281 5569 340 5626 oop.
352 5554 379 5621 3,
392 5561 410 5608 t.
427 5551 461 5621 ll,
475 5551 525 5607 rol.
543 5550 577 5608 15
587 5551 611 5625 ).
625 5565 636 5606 t

203 5650 268 5708 Nou
283 5649 335 5704 olio
349 5647 487 5719 quereretur
503 5646 620 5714 scientie,
639 5659 715 5717 prtum
734 5642 797 5699 doru
814 5639 917 5698 Cleriatl.
931 5669 966 5682 -

172 5763 184 5800 r
202 5743 289 5802 Nobis
300 5739 456 5798 curiositate
468 5753 537 5811 opus
547 5753 599 5794 riou
617 5745 660 5792 est
683 5743 744 5806 post
764 5733 902 5790 Christum
918 5731 966 5788 Je-

167 5827 242 5905 sum,
261 5850 314 5892 nee
326 5833 498 5908 inquisitione
520 5838 581 5904 post
594 5827 780 5901 Evangelium.
794 5825 862 5884 Cum
877 5825 967 5883 credi-

88 5937 106 5989 Ι
169 5943 246 6002 mus,
259 5926 328 5990 nibil
340 5925 526 5990 desideramus
537 5923 605 5984 ultra
618 5919 739 5984 credere.
748 5919 805 5984 lloc
814 5919 885 5982 onim
894 5919 968 5995 prius

1016 4813 1096 4872 quam
1112 4797 1166 4853 aeri
1179 4797 1457 4874 judiciocjusscripta
1472 4801 1636 4858 secernenda
1652 4800 1714 4856 sint.
1730 4799 1815 4856 Porro

1016 4895 1068 4952 alia
1088 4893 1240 4950 eumnruuia
1251 4891 1333 4951 babet
1347 4896 1480 4966 paradoxa
1497 4911 1558 4952 cum
1571 4894 1750 4963 blorrtauistis,
1764 4893 1815 4949 alia

1017 5001 1081 5042 uero
1096 4985 1164 5042 redeo
1179 4985 1228 5042 sibi
1244 4985 1352 5058 propria
1373 4996 1400 5041 ut
1419 4983 1589 5043 heresiarcha
1609 4985 1671 5042 iude
1689 4986 1815 5050 eraserit,

1017 5094 1049 5136 ae
1068 5081 1164 5135 borum
1179 5093 1301 5136 errorum
1316 5079 1434 5136 asseclas
1453 5078 1681 5148 Tertulliauistas,
1707 5093 1738 5135 es
1755 5091 1818 5134 aue·

1019 5179 1076 5226 tore
1087 5177 1266 5242 nuncupatos,
1278 5170 1430 5243 protulerit.
1551 5153 1558 5160 ’

1054 5261 1163 5320 Certum
1185 5262 1418 5336 indubitatumque
1433 5271 1474 5320 est
1489 5262 1683 5318 Terturllianum
1702 5277 1755 5318 non
1771 5272 1818 5318 so-·

1018 5355 1074 5414 lum
1094 5357 1235 5415 erroribus
1254 5371 1285 5414 ao
1304 5355 1488 5424 deliramentis
1510 5345 1732 5412 llontanisturum
1757 5355 1818 5410 sub-

1018 5455 1170 5527 scripsisse,
1187 5471 1278 5512 vcrum
1301 5455 1382 5511 etium
1405 5449 1711 5516 cuderuardentissime
1729 5451 1820 5522 propi-

1019 5563 1109 5607 nasse.
1123 5547 1274 5607 istiusmodi
1286 5555 1351 5604 suut
1360 5545 1450 5602 omnia
1460 5545 1557 5618 quibus
1566 5559 1644 5602 suum
1657 5543 1818 5600 Paraclitum

1019 5643 1156 5715 passimet
1166 5639 1313 5713 procaciter
1321 5638 1450 5707 rennuitae
1465 5638 1563 5710 quibus
1571 5637 1704 5698 secundas
1713 5636 1820 5707 nuptias

1020 5752 1075 5795 non
1088 5738 1176 5794 solum
1192 5736 1310 5802 datumst,
1327 5731 1375 5792 sed
1397 5733 1508 5806 insuper
1526 5731 1715 5798 enormitatem
1742 5743 1818 5785 uocat

1020 5831 1093 5891 omni
1105 5829 1219 5886 erimine
1228 5827 1358 5902 majorem
1370 5840 1380 5901 3
1394 5827 1491 5904 quibus
1501 5825 1623 5883 illicitum
1631 5837 1701 5894 esse,
1709 5831 1823 5896 urgente

1019 5923 1217 6000 persecutionis
1228 5933 1396 5999 ,estonum
1417 5925 1522 5999 tuaene,
1549 5928 1606 5983 tum
1626 5930 1689 5984 sese
1706 5917 1819 5991 pmurrm
1919 5951 1923 5957 .
