<?xml version="1.0" encoding="UTF-8"?>
<!DOCTYPE html PUBLIC "-//W3C//DTD XHTML 1.0 Transitional//EN"
    "http://www.w3.org/TR/xhtml1/DTD/xhtml1-transitional.dtd">
<html xmlns="http://www.w3.org/1999/xhtml" xml:lang="en" lang="en">
 <head>
  <title>
</title>
<meta http-equiv="Content-Type" content="text/html;charset=utf-8" />
  <meta name='ocr-system' content='tesseract 3.04.00' />
  <meta name='ocr-capabilities' content='ocr_page ocr_carea ocr_par ocr_line ocrx_word'/>
</head>
<body>
  <div class='ocr_page' id='page_1' title='image "./patrologiaecurs139migngoog_0051.png"; bbox 0 0 4084 6334; ppageno 0'>
   <div class='ocr_carea' id='block_1_1' title="bbox 192 271 1858 503">
    <p class='ocr_par' dir='ltr' id='par_1_1' title="bbox 192 271 1858 503">
     <span class='ocr_line' id='line_1_1' title="bbox 192 271 1858 382; baseline -0.037 15"><span class='ocrx_word' id='word_1_1' title='bbox 192 310 233 370; x_wconf 75' lang='lat'><strong>⁴⁹</strong></span> <span class='ocrx_word' id='word_1_2' title='bbox 645 368 651 382; x_wconf 84' lang='grc'><strong>.</strong></span> <span class='ocrx_word' id='word_1_3' title='bbox 821 271 1162 369; x_wconf 77' lang='lat' dir='ltr'><strong>numinenumine.</strong></span> <span class='ocrx_word' id='word_1_4' title='bbox 1823 319 1858 378; x_wconf 68' lang='lat'><strong>5⁰</strong></span> 
     </span>
     <span class='ocr_line' id='line_1_2' title="bbox 195 407 1855 503; baseline -0.002 -20"><span class='ocrx_word' id='word_1_5' title='bbox 195 439 286 496; x_wconf 78' lang='lat' dir='ltr'><strong>usque</strong></span> <span class='ocrx_word' id='word_1_6' title='bbox 313 424 383 482; x_wconf 87' lang='lat' dir='ltr'><strong>adca</strong></span> <span class='ocrx_word' id='word_1_7' title='bbox 397 439 420 482; x_wconf 74' lang='lat' dir='ltr'><strong>c«</strong></span> <span class='ocrx_word' id='word_1_8' title='bbox 431 425 609 483; x_wconf 83' lang='lat' dir='ltr'><strong>mmenilatam</strong></span> <span class='ocrx_word' id='word_1_9' title='bbox 625 407 726 496; x_wconf 80' lang='lat' dir='ltr'><strong>ualuit,</strong></span> <span class='ocrx_word' id='word_1_10' title='bbox 741 428 822 485; x_wconf 90' lang='lat' dir='ltr'><strong>ctiam</strong></span> <span class='ocrx_word' id='word_1_11' title='bbox 833 429 886 500; x_wconf 88' lang='lat' dir='ltr'><strong>jam</strong></span> <span class='ocrx_word' id='word_1_12' title='bbox 901 425 1007 483; x_wconf 87' lang='lat' dir='ltr'><strong>iudealr</strong></span> <span class='ocrx_word' id='word_1_13' title='bbox 1019 415 1047 476; x_wconf 83' lang='grc' dir='ltr'>Α</span> <span class='ocrx_word' id='word_1_14' title='bbox 1059 422 1345 482; x_wconf 78' lang='lat' dir='ltr'><strong>aarrrratmdluirtioui</strong></span> <span class='ocrx_word' id='word_1_15' title='bbox 1356 425 1405 500; x_wconf 82' lang='lat' dir='ltr'><strong>(l).</strong></span> <span class='ocrx_word' id='word_1_16' title='bbox 1419 426 1496 498; x_wconf 77' lang='lat' dir='ltr'><strong>Apud</strong></span> <span class='ocrx_word' id='word_1_17' title='bbox 1511 435 1648 486; x_wconf 74' lang='lat' dir='ltr'><strong>auctorem</strong></span> <span class='ocrx_word' id='word_1_18' title='bbox 1659 443 1725 487; x_wconf 83' lang='lat' dir='ltr'><strong>rere</strong></span> <span class='ocrx_word' id='word_1_19' title='bbox 1735 446 1787 503; x_wconf 73' lang='lat' dir='ltr'><strong>para</strong></span> <span class='ocrx_word' id='word_1_20' title='bbox 1797 434 1855 488; x_wconf 67' lang='lat' dir='ltr'><strong>aiau.</strong></span> 
     </span>
    </p>
   </div>
   <div class='ocr_carea' id='block_1_2' title="bbox 196 521 1024 612">
    <p class='ocr_par' dir='ltr' id='par_1_2' title="bbox 196 521 1024 612">
     <span class='ocr_line' id='line_1_3' title="bbox 196 521 1024 612; baseline 0.002 -35"><span class='ocrx_word' id='word_1_21' title='bbox 196 521 249 579; x_wconf 91' lang='lat' dir='ltr'><strong>iilo</strong></span> <span class='ocrx_word' id='word_1_22' title='bbox 259 521 431 578; x_wconf 84' lang='lat' dir='ltr'><strong>olrscrratam</strong></span> <span class='ocrx_word' id='word_1_23' title='bbox 443 536 611 578; x_wconf 86' lang='lat' dir='ltr'><strong>censeamus.</strong></span> <span class='ocrx_word' id='word_1_24' title='bbox 625 525 713 594; x_wconf 72' lang='lat' dir='ltr'><strong>ornare</strong></span> <span class='ocrx_word' id='word_1_25' title='bbox 732 524 800 580; x_wconf 88' lang='lat' dir='ltr'><strong>adeo</strong></span> <span class='ocrx_word' id='word_1_26' title='bbox 814 538 867 579; x_wconf 92' lang='lat' dir='ltr'><strong>uon</strong></span> <span class='ocrx_word' id='word_1_27' title='bbox 881 531 935 577; x_wconf 87' lang='lat' dir='ltr'><strong>tom</strong></span> <span class='ocrx_word' id='word_1_28' title='bbox 953 538 1024 612; x_wconf 60' lang='lat' dir='ltr'><strong>suo·</strong></span> 
     </span>
    </p>
   </div>
   <div class='ocr_carea' id='block_1_3' title="bbox 191 615 1002 1804">
    <p class='ocr_par' dir='ltr' id='par_1_3' title="bbox 194 615 1002 970">
     <span class='ocr_line' id='line_1_4' title="bbox 195 615 1000 688; baseline -0.001 -18"><span class='ocrx_word' id='word_1_29' title='bbox 195 630 281 684; x_wconf 79' lang='lat' dir='ltr'><strong>quam</strong></span> <span class='ocrx_word' id='word_1_30' title='bbox 294 615 410 671; x_wconf 90' lang='lat' dir='ltr'><strong>aliorum</strong></span> <span class='ocrx_word' id='word_1_31' title='bbox 427 616 544 681; x_wconf 89' lang='lat' dir='ltr'><strong>nominc,</strong></span> <span class='ocrx_word' id='word_1_32' title='bbox 560 616 676 687; x_wconf 84' lang='lat' dir='ltr'><strong>exempli</strong></span> <span class='ocrx_word' id='word_1_33' title='bbox 693 619 788 688; x_wconf 74' lang='lat' dir='ltr'><strong>geritis,</strong></span> <span class='ocrx_word' id='word_1_34' title='bbox 803 617 904 672; x_wconf 91' lang='lat' dir='ltr'><strong>dictum</strong></span> <span class='ocrx_word' id='word_1_35' title='bbox 919 615 1000 671; x_wconf 92' lang='lat' dir='ltr'><strong>iutel-</strong></span> 
     </span>
     <span class='ocr_line' id='line_1_5' title="bbox 194 707 1002 781; baseline 0.002 -17"><span class='ocrx_word' id='word_1_36' title='bbox 194 707 308 781; x_wconf 77' lang='lat' dir='ltr'><strong>ligimus</strong></span> <span class='ocrx_word' id='word_1_37' title='bbox 317 708 389 762; x_wconf 90' lang='lat' dir='ltr'><strong>illius</strong></span> <span class='ocrx_word' id='word_1_38' title='bbox 399 709 522 764; x_wconf 74' lang='lat' dir='ltr'><strong>Auctoris</strong></span> <span class='ocrx_word' id='word_1_39' title='bbox 535 725 543 764; x_wconf 84' lang='lat' dir='ltr'><strong>t</strong></span> <span class='ocrx_word' id='word_1_40' title='bbox 556 728 565 762; x_wconf 88' lang='lat' dir='ltr'><strong>r</strong></span> <span class='ocrx_word' id='word_1_41' title='bbox 583 708 639 780; x_wconf 81' lang='lat' dir='ltr'><strong>Epo</strong></span> <span class='ocrx_word' id='word_1_42' title='bbox 650 725 689 764; x_wconf 85' lang='lat' dir='ltr'><strong>ore</strong></span> <span class='ocrx_word' id='word_1_43' title='bbox 698 711 751 765; x_wconf 87' lang='lat' dir='ltr'><strong>acio</strong></span> <span class='ocrx_word' id='word_1_44' title='bbox 764 726 843 781; x_wconf 84' lang='lat' dir='ltr'><strong>aeque</strong></span> <span class='ocrx_word' id='word_1_45' title='bbox 862 709 915 763; x_wconf 85' lang='lat' dir='ltr'><strong>olio</strong></span> <span class='ocrx_word' id='word_1_46' title='bbox 925 725 1002 766; x_wconf 86' lang='lat' dir='ltr'><strong>earne</strong></span> 
     </span>
     <span class='ocr_line' id='line_1_6' title="bbox 195 800 1002 872; baseline 0.002 -15"><span class='ocrx_word' id='word_1_47' title='bbox 195 801 327 858; x_wconf 78' lang='lat' dir='ltr'><strong>adulterio</strong></span> <span class='ocrx_word' id='word_1_48' title='bbox 341 800 505 866; x_wconf 74' lang='lat' dir='ltr'><strong>contrariete,</strong></span> <span class='ocrx_word' id='word_1_49' title='bbox 522 819 601 872; x_wconf 78' lang='lat' dir='ltr'><strong>ireque</strong></span> <span class='ocrx_word' id='word_1_50' title='bbox 622 819 689 858; x_wconf 88' lang='lat' dir='ltr'><strong>rurae</strong></span> <span class='ocrx_word' id='word_1_51' title='bbox 707 805 761 858; x_wconf 85' lang='lat' dir='ltr'><strong>elia</strong></span> <span class='ocrx_word' id='word_1_52' title='bbox 774 821 851 860; x_wconf 83' lang='lat' dir='ltr'><strong>corne</strong></span> <span class='ocrx_word' id='word_1_53' title='bbox 872 805 906 860; x_wconf 86' lang='lat' dir='ltr'><strong>oti</strong></span> <span class='ocrx_word' id='word_1_54' title='bbox 918 805 1002 862; x_wconf 84' lang='lat' dir='ltr'><strong>couti·</strong></span> 
     </span>
     <span class='ocr_line' id='line_1_7' title="bbox 196 893 836 970; baseline 0 -20"><span class='ocrx_word' id='word_1_55' title='bbox 196 896 312 950; x_wconf 77' lang='lat' dir='ltr'><strong>arentiam</strong></span> <span class='ocrx_word' id='word_1_56' title='bbox 327 895 398 951; x_wconf 87' lang='lat' dir='ltr'><strong>erriti.</strong></span> <span class='ocrx_word' id='word_1_57' title='bbox 414 893 471 949; x_wconf 79' lang='lat' dir='ltr'><strong>nrt.</strong></span> <span class='ocrx_word' id='word_1_58' title='bbox 483 895 515 952; x_wconf 89' lang='lat' dir='ltr'><strong>de</strong></span> <span class='ocrx_word' id='word_1_59' title='bbox 526 896 593 953; x_wconf 75' lang='lat' dir='ltr'><strong>ttrra</strong></span> <span class='ocrx_word' id='word_1_60' title='bbox 599 913 621 952; x_wconf 92' lang='lat' dir='ltr'><strong>r.</strong></span> <span class='ocrx_word' id='word_1_61' title='bbox 634 915 687 955; x_wconf 87' lang='lat' dir='ltr'><strong>cor.</strong></span> <span class='ocrx_word' id='word_1_62' title='bbox 700 915 758 970; x_wconf 84' lang='lat' dir='ltr'><strong>cop.</strong></span> <span class='ocrx_word' id='word_1_63' title='bbox 775 899 836 956; x_wconf 72' lang='lat'><strong>59.»</strong></span> 
     </span>
    </p>

    <p class='ocr_par' dir='ltr' id='par_1_4' title="bbox 191 986 999 1804">
     <span class='ocr_line' id='line_1_8' title="bbox 234 986 999 1065; baseline 0.003 -21"><span class='ocrx_word' id='word_1_64' title='bbox 234 987 249 1060; x_wconf 63' lang='lat' dir='ltr'>fi</span> <span class='ocrx_word' id='word_1_65' title='bbox 271 987 303 1044; x_wconf 85' lang='lat' dir='ltr'><strong>v.</strong></span> <span class='ocrx_word' id='word_1_66' title='bbox 317 986 357 1044; x_wconf 82' lang='lat' dir='ltr'><strong>De</strong></span> <span class='ocrx_word' id='word_1_67' title='bbox 374 988 429 1058; x_wconf 80' lang='lat' dir='ltr'><strong>eius</strong></span> <span class='ocrx_word' id='word_1_68' title='bbox 445 991 633 1046; x_wconf 81' lang='lat' dir='ltr'><strong>conuersatione</strong></span> <span class='ocrx_word' id='word_1_69' title='bbox 654 992 681 1046; x_wconf 92' lang='lat' dir='ltr'><strong>iu</strong></span> <span class='ocrx_word' id='word_1_70' title='bbox 704 993 864 1065; x_wconf 78' lang='lat' dir='ltr'><strong>perutilismo,</strong></span> <span class='ocrx_word' id='word_1_71' title='bbox 882 991 914 1046; x_wconf 86' lang='lat' dir='ltr'><strong>de</strong></span> <span class='ocrx_word' id='word_1_72' title='bbox 936 1007 999 1049; x_wconf 86' lang='lat' dir='ltr'><strong>corr·</strong></span> 
     </span>
     <span class='ocr_line' id='line_1_9' title="bbox 191 1081 998 1155; baseline 0.006 -19"><span class='ocrx_word' id='word_1_73' title='bbox 191 1082 278 1155; x_wconf 81' lang='lat' dir='ltr'><strong>jupio.</strong></span> <span class='ocrx_word' id='word_1_74' title='bbox 292 1082 321 1140; x_wconf 84' lang='grc'><strong>9.</strong></span> <span class='ocrx_word' id='word_1_75' title='bbox 338 1081 495 1153; x_wconf 71' lang='lat' dir='ltr'><strong>Coniugium</strong></span> <span class='ocrx_word' id='word_1_76' title='bbox 515 1091 603 1140; x_wconf 90' lang='lat' dir='ltr'><strong>tamen</strong></span> <span class='ocrx_word' id='word_1_77' title='bbox 629 1085 721 1142; x_wconf 88' lang='lat' dir='ltr'><strong>iniisse</strong></span> <span class='ocrx_word' id='word_1_78' title='bbox 740 1085 951 1144; x_wconf 83' lang='lat' dir='ltr'><strong>Tenruuuranurr</strong></span> <span class='ocrx_word' id='word_1_79' title='bbox 965 1101 998 1141; x_wconf 87' lang='lat' dir='ltr'><strong>cx</strong></span> 
     </span>
     <span class='ocr_line' id='line_1_10' title="bbox 195 1174 997 1248; baseline 0.005 -18"><span class='ocrx_word' id='word_1_80' title='bbox 195 1175 286 1231; x_wconf 81' lang='lat' dir='ltr'><strong>Libris</strong></span> <span class='ocrx_word' id='word_1_81' title='bbox 301 1174 408 1232; x_wconf 89' lang='lat' dir='ltr'><strong>duobus</strong></span> <span class='ocrx_word' id='word_1_82' title='bbox 422 1177 455 1232; x_wconf 89' lang='lat' dir='ltr'><strong>ad</strong></span> <span class='ocrx_word' id='word_1_83' title='bbox 470 1176 586 1233; x_wconf 80' lang='lat' dir='ltr'>Uxorem</span> <span class='ocrx_word' id='word_1_84' title='bbox 604 1178 773 1248; x_wconf 89' lang='lat' dir='ltr'><strong>perspicuum</strong></span> <span class='ocrx_word' id='word_1_85' title='bbox 797 1187 858 1234; x_wconf 88' lang='lat' dir='ltr'><strong>est:</strong></span> <span class='ocrx_word' id='word_1_86' title='bbox 875 1177 997 1235; x_wconf 88' lang='lat' dir='ltr'><strong>iorrassis</strong></span> 
     </span>
     <span class='ocr_line' id='line_1_11' title="bbox 194 1266 996 1342; baseline 0.007 -22"><span class='ocrx_word' id='word_1_87' title='bbox 194 1266 268 1339; x_wconf 84' lang='lat' dir='ltr'><strong>quod</strong></span> <span class='ocrx_word' id='word_1_88' title='bbox 280 1266 401 1323; x_wconf 90' lang='lat' dir='ltr'><strong>noudum</strong></span> <span class='ocrx_word' id='word_1_89' title='bbox 414 1267 526 1324; x_wconf 73' lang='lat' dir='ltr'><strong>rnlrlarae</strong></span> <span class='ocrx_word' id='word_1_90' title='bbox 538 1279 629 1325; x_wconf 80' lang='lat' dir='ltr'><strong>essent</strong></span> <span class='ocrx_word' id='word_1_91' title='bbox 648 1269 741 1340; x_wconf 73' lang='lat' dir='ltr'><strong>lupia,</strong></span> <span class='ocrx_word' id='word_1_92' title='bbox 757 1270 871 1342; x_wconf 82' lang='lat' dir='ltr'><strong>Poppaea</strong></span> <span class='ocrx_word' id='word_1_93' title='bbox 885 1279 912 1326; x_wconf 93' lang='lat' dir='ltr'><strong>ct</strong></span> <span class='ocrx_word' id='word_1_94' title='bbox 926 1270 996 1327; x_wconf 85' lang='lat' dir='ltr'><strong>iulia</strong></span> 
     </span>
     <span class='ocr_line' id='line_1_12' title="bbox 195 1357 996 1435; baseline 0.006 -22"><span class='ocrx_word' id='word_1_95' title='bbox 195 1357 286 1431; x_wconf 76' lang='lat' dir='ltr'><strong>leges,</strong></span> <span class='ocrx_word' id='word_1_96' title='bbox 301 1375 362 1432; x_wconf 83' lang='lat' dir='ltr'><strong>qum</strong></span> <span class='ocrx_word' id='word_1_97' title='bbox 375 1359 475 1416; x_wconf 88' lang='lat' dir='ltr'><strong>lilrcros</strong></span> <span class='ocrx_word' id='word_1_98' title='bbox 491 1360 589 1431; x_wconf 78' lang='lat' dir='ltr'>suscipi</span> <span class='ocrx_word' id='word_1_99' title='bbox 604 1360 736 1432; x_wconf 78' lang='lat' dir='ltr'><strong>cogebant</strong></span> <span class='ocrx_word' id='word_1_100' title='bbox 750 1361 800 1434; x_wconf 81' lang='lat' dir='ltr'><strong>(uti</strong></span> <span class='ocrx_word' id='word_1_101' title='bbox 814 1362 872 1433; x_wconf 89' lang='lat' dir='ltr'><strong>ipse</strong></span> <span class='ocrx_word' id='word_1_102' title='bbox 887 1360 996 1435; x_wconf 82' lang='lat' dir='ltr'><strong>latetur)</strong></span> 
     </span>
     <span class='ocr_line' id='line_1_13' title="bbox 193 1452 995 1513; baseline 0.004 -4"><span class='ocrx_word' id='word_1_103' title='bbox 193 1462 221 1509; x_wconf 86' lang='lat' dir='ltr'><strong>et</strong></span> <span class='ocrx_word' id='word_1_104' title='bbox 235 1452 347 1508; x_wconf 70' lang='lat' dir='ltr'><strong>caelilrcs</strong></span> <span class='ocrx_word' id='word_1_105' title='bbox 362 1463 387 1508; x_wconf 93' lang='lat' dir='ltr'><strong>ct</strong></span> <span class='ocrx_word' id='word_1_106' title='bbox 401 1452 481 1508; x_wconf 86' lang='lat' dir='ltr'><strong>orbos</strong></span> <span class='ocrx_word' id='word_1_107' title='bbox 496 1454 621 1509; x_wconf 86' lang='lat' dir='ltr'><strong>retalrant</strong></span> <span class='ocrx_word' id='word_1_108' title='bbox 641 1471 674 1512; x_wconf 87' lang='lat' dir='ltr'><strong>ert</strong></span> <span class='ocrx_word' id='word_1_109' title='bbox 694 1463 856 1512; x_wconf 90' lang='lat' dir='ltr'><strong>testamento</strong></span> <span class='ocrx_word' id='word_1_110' title='bbox 880 1456 995 1513; x_wconf 91' lang='lat' dir='ltr'><strong>solidum</strong></span> 
     </span>
     <span class='ocr_line' id='line_1_14' title="bbox 192 1542 994 1622; baseline 0.004 -21"><span class='ocrx_word' id='word_1_111' title='bbox 192 1558 295 1616; x_wconf 83' lang='lat' dir='ltr'><strong>opere</strong></span> <span class='ocrx_word' id='word_1_112' title='bbox 308 1561 316 1610; x_wconf 91' lang='grc'><strong>;</strong></span> <span class='ocrx_word' id='word_1_113' title='bbox 331 1543 366 1600; x_wconf 93' lang='lat' dir='ltr'><strong>de</strong></span> <span class='ocrx_word' id='word_1_114' title='bbox 377 1544 473 1614; x_wconf 83' lang='lat' dir='ltr'><strong>nuilrus</strong></span> <span class='ocrx_word' id='word_1_115' title='bbox 488 1561 537 1617; x_wconf 92' lang='lat' dir='ltr'><strong>pcr</strong></span> <span class='ocrx_word' id='word_1_116' title='bbox 548 1542 678 1602; x_wconf 87' lang='lat' dir='ltr'><strong>Screrum</strong></span> <span class='ocrx_word' id='word_1_117' title='bbox 695 1546 770 1622; x_wconf 62' lang='lat' dir='ltr'><strong>⁸lurp.</strong></span> <span class='ocrx_word' id='word_1_118' title='bbox 790 1547 903 1604; x_wconf 87' lang='lat' dir='ltr'><strong>sulrlatis</strong></span> <span class='ocrx_word' id='word_1_119' title='bbox 922 1548 994 1604; x_wconf 87' lang='lat' dir='ltr'><strong>inira</strong></span> 
     </span>
     <span class='ocr_line' id='line_1_15' title="bbox 191 1635 993 1710; baseline 0.002 -17"><span class='ocrx_word' id='word_1_120' title='bbox 191 1636 284 1693; x_wconf 83' lang='lat' dir='ltr'><strong>latius.</strong></span> <span class='ocrx_word' id='word_1_121' title='bbox 303 1635 422 1705; x_wconf 88' lang='lat' dir='ltr'><strong>erarum</strong></span> <span class='ocrx_word' id='word_1_122' title='bbox 446 1639 533 1708; x_wconf 82' lang='lat' dir='ltr'><strong>legum</strong></span> <span class='ocrx_word' id='word_1_123' title='bbox 553 1638 716 1695; x_wconf 86' lang='lat' dir='ltr'><strong>constitutio·</strong></span> <span class='ocrx_word' id='word_1_124' title='bbox 735 1639 913 1710; x_wconf 78' lang='lat' dir='ltr'><strong>prescribens</strong></span> <span class='ocrx_word' id='word_1_125' title='bbox 934 1656 993 1696; x_wconf 89' lang='lat' dir='ltr'><strong>ma·</strong></span> 
     </span>
     <span class='ocr_line' id='line_1_16' title="bbox 191 1727 993 1804; baseline 0.007 -20"><span class='ocrx_word' id='word_1_126' title='bbox 191 1727 313 1784; x_wconf 92' lang='lat' dir='ltr'><strong>trimonii</strong></span> <span class='ocrx_word' id='word_1_127' title='bbox 327 1737 431 1786; x_wconf 90' lang='lat' dir='ltr'><strong>certam</strong></span> <span class='ocrx_word' id='word_1_128' title='bbox 441 1738 567 1798; x_wconf 82' lang='lat' dir='ltr'><strong>aetatem,</strong></span> <span class='ocrx_word' id='word_1_129' title='bbox 584 1740 676 1802; x_wconf 77' lang='lat' dir='ltr'><strong>utpote</strong></span> <span class='ocrx_word' id='word_1_130' title='bbox 689 1731 763 1800; x_wconf 83' lang='lat' dir='ltr'><strong>juxta</strong></span> <span class='ocrx_word' id='word_1_131' title='bbox 779 1731 917 1804; x_wconf 83' lang='lat' dir='ltr'><strong>Plutonem</strong></span> <span class='ocrx_word' id='word_1_132' title='bbox 931 1734 993 1790; x_wconf 87' lang='lat' dir='ltr'><strong>anni</strong></span> 
     </span>
    </p>
   </div>
   <div class='ocr_carea' id='block_1_4' title="bbox 1046 513 1857 1815">
    <p class='ocr_par' dir='ltr' id='par_1_5' title="bbox 1046 513 1857 1815">
     <span class='ocr_line' id='line_1_17' title="bbox 1055 513 1857 595; baseline 0.026 -30"><span class='ocrx_word' id='word_1_133' title='bbox 1055 513 1089 566; x_wconf 82' lang='lat' dir='ltr'><strong>ed</strong></span> <span class='ocrx_word' id='word_1_134' title='bbox 1101 529 1201 572; x_wconf 91' lang='lat' dir='ltr'><strong>annum</strong></span> <span class='ocrx_word' id='word_1_135' title='bbox 1217 515 1288 573; x_wconf 93' lang='lat' dir='ltr'><strong>lruuc</strong></span> <span class='ocrx_word' id='word_1_136' title='bbox 1299 520 1460 586; x_wconf 70' lang='lat' dir='ltr'><strong>pertinentia</strong></span> <span class='ocrx_word' id='word_1_137' title='bbox 1473 521 1596 592; x_wconf 89' lang='lat' dir='ltr'><strong>reperire</strong></span> <span class='ocrx_word' id='word_1_138' title='bbox 1609 531 1662 580; x_wconf 70' lang='lat' dir='ltr'><strong>cst.</strong></span> <span class='ocrx_word' id='word_1_139' title='bbox 1675 521 1811 595; x_wconf 81' lang='lat' dir='ltr'>Imprimis</span> <span class='ocrx_word' id='word_1_140' title='bbox 1822 530 1857 586; x_wconf 89' lang='lat' dir='ltr'><strong>de</strong></span> 
     </span>
     <span class='ocr_line' id='line_1_18' title="bbox 1054 607 1854 679; baseline 0.014 -16"><span class='ocrx_word' id='word_1_141' title='bbox 1054 607 1127 663; x_wconf 82' lang='lat' dir='ltr'><strong>eredo</strong></span> <span class='ocrx_word' id='word_1_142' title='bbox 1147 608 1245 679; x_wconf 90' lang='lat' dir='ltr'><strong>imper.</strong></span> <span class='ocrx_word' id='word_1_143' title='bbox 1259 611 1288 668; x_wconf 86' lang='lat' dir='ltr'><strong>P.</strong></span> <span class='ocrx_word' id='word_1_144' title='bbox 1301 611 1399 679; x_wconf 80' lang='lat' dir='ltr'><strong>Helvii,</strong></span> <span class='ocrx_word' id='word_1_145' title='bbox 1412 613 1442 669; x_wconf 85' lang='lat' dir='ltr'><strong>P.</strong></span> <span class='ocrx_word' id='word_1_146' title='bbox 1460 613 1491 669; x_wconf 85' lang='lat' dir='ltr'><strong>F.</strong></span> <span class='ocrx_word' id='word_1_147' title='bbox 1507 613 1656 672; x_wconf 83' lang='lat' dir='ltr'><strong>Pertinacis</strong></span> <span class='ocrx_word' id='word_1_148' title='bbox 1666 617 1747 672; x_wconf 89' lang='lat' dir='ltr'><strong>occisi</strong></span> <span class='ocrx_word' id='word_1_149' title='bbox 1758 618 1854 676; x_wconf 73' lang='lat' dir='ltr'><strong>milui.</strong></span> 
     </span>
     <span class='ocr_line' id='line_1_19' title="bbox 1053 698 1852 779; baseline 0.02 -24"><span class='ocrx_word' id='word_1_150' title='bbox 1053 698 1140 770; x_wconf 78' lang='lat' dir='ltr'><strong>narrt.</strong></span> <span class='ocrx_word' id='word_1_151' title='bbox 1169 702 1233 758; x_wconf 93' lang='lat' dir='ltr'><strong>illud</strong></span> <span class='ocrx_word' id='word_1_152' title='bbox 1261 706 1425 776; x_wconf 78' lang='lat' dir='ltr'><strong>Apologetiei</strong></span> <span class='ocrx_word' id='word_1_153' title='bbox 1456 725 1463 762; x_wconf 93' lang='lat'><strong>:</strong></span> <span class='ocrx_word' id='word_1_154' title='bbox 1488 706 1563 763; x_wconf 85' lang='lat' dir='ltr'><strong>Unde</strong></span> <span class='ocrx_word' id='word_1_155' title='bbox 1589 709 1634 778; x_wconf 83' lang='lat' dir='ltr'><strong>qui</strong></span> <span class='ocrx_word' id='word_1_156' title='bbox 1659 710 1774 779; x_wconf 71' lang='lat' dir='ltr'><strong>faucibus</strong></span> <span class='ocrx_word' id='word_1_157' title='bbox 1806 730 1852 770; x_wconf 73' lang='lat' dir='ltr'><strong>es·</strong></span> 
     </span>
     <span class='ocr_line' id='line_1_20' title="bbox 1053 793 1853 879; baseline 0.019 -34"><span class='ocrx_word' id='word_1_158' title='bbox 1053 793 1192 862; x_wconf 83' lang='lat' dir='ltr'><strong>printendia</strong></span> <span class='ocrx_word' id='word_1_159' title='bbox 1207 793 1378 865; x_wconf 72' lang='lat' dir='ltr'><strong>palustricom</strong></span> <span class='ocrx_word' id='word_1_160' title='bbox 1399 795 1540 855; x_wconf 68' lang='lat' dir='ltr'><strong>eserceut?</strong></span> <span class='ocrx_word' id='word_1_161' title='bbox 1556 800 1683 874; x_wconf 78' lang='lat' dir='ltr'><strong>lindepui</strong></span> <span class='ocrx_word' id='word_1_162' title='bbox 1698 807 1790 858; x_wconf 84' lang='lat' dir='ltr'><strong>armati</strong></span> <span class='ocrx_word' id='word_1_163' title='bbox 1801 823 1853 879; x_wconf 87' lang='lat' dir='ltr'><strong>po·</strong></span> 
     </span>
     <span class='ocr_line' id='line_1_21' title="bbox 1052 886 1846 966; baseline 0.024 -27"><span class='ocrx_word' id='word_1_164' title='bbox 1052 886 1144 940; x_wconf 86' lang='lat' dir='ltr'><strong>lotium</strong></span> <span class='ocrx_word' id='word_1_165' title='bbox 1155 889 1321 961; x_wconf 77' lang='lat' dir='ltr'><strong>irrumpunt.</strong></span> <span class='ocrx_word' id='word_1_166' title='bbox 1335 892 1453 948; x_wconf 85' lang='lat' dir='ltr'><strong>ourniius</strong></span> <span class='ocrx_word' id='word_1_167' title='bbox 1472 891 1580 964; x_wconf 79' lang='lat' dir='ltr'><strong>Siperiis</strong></span> <span class='ocrx_word' id='word_1_168' title='bbox 1598 907 1675 966; x_wconf 77' lang='lat' dir='ltr'><strong>etqrm</strong></span> <span class='ocrx_word' id='word_1_169' title='bbox 1699 896 1846 958; x_wconf 68' lang='lat' dir='ltr'><strong>Partheniis</strong></span> 
     </span>
     <span class='ocr_line' id='line_1_22' title="bbox 1051 980 1849 1068; baseline 0.019 -35"><span class='ocrx_word' id='word_1_170' title='bbox 1051 980 1221 1036; x_wconf 77' lang='lat' dir='ltr'><strong><em>audaciores?</em></strong></span> <span class='ocrx_word' id='word_1_171' title='bbox 1235 983 1274 1039; x_wconf 84' lang='lat' dir='ltr'><strong>ile</strong></span> <span class='ocrx_word' id='word_1_172' title='bbox 1285 983 1423 1050; x_wconf 78' lang='lat' dir='ltr'><strong>ilomouir.</strong></span> <span class='ocrx_word' id='word_1_173' title='bbox 1438 986 1465 1040; x_wconf 87' lang='lat' dir='ltr'><strong>ui</strong></span> <span class='ocrx_word' id='word_1_174' title='bbox 1481 985 1561 1058; x_wconf 68' lang='lat' dir='ltr'><strong>[ullor</strong></span> <span class='ocrx_word' id='word_1_175' title='bbox 1579 986 1668 1059; x_wconf 75' lang='lat' dir='ltr'><strong>(Apol.</strong></span> <span class='ocrx_word' id='word_1_176' title='bbox 1681 1005 1705 1044; x_wconf 84' lang='lat' dir='ltr'><strong>c·</strong></span> <span class='ocrx_word' id='word_1_177' title='bbox 1719 990 1790 1068; x_wconf 70' lang='lat'>352),</span> <span class='ocrx_word' id='word_1_178' title='bbox 1806 1001 1849 1050; x_wconf 89' lang='lat' dir='ltr'><strong>ot-</strong></span> 
     </span>
     <span class='ocr_line' id='line_1_23' title="bbox 1051 1076 1851 1154; baseline 0.01 -25"><span class='ocrx_word' id='word_1_179' title='bbox 1051 1076 1171 1146; x_wconf 83' lang='lat' dir='ltr'><strong>potequi</strong></span> <span class='ocrx_word' id='word_1_180' title='bbox 1187 1076 1213 1132; x_wconf 90' lang='lat' dir='ltr'><strong>in</strong></span> <span class='ocrx_word' id='word_1_181' title='bbox 1239 1077 1343 1134; x_wconf 80' lang='lat' dir='ltr'><strong>lorinus</strong></span> <span class='ocrx_word' id='word_1_182' title='bbox 1371 1078 1462 1148; x_wconf 88' lang='lat' dir='ltr'><strong>palatii</strong></span> <span class='ocrx_word' id='word_1_183' title='bbox 1484 1079 1519 1136; x_wconf 90' lang='lat' dir='ltr'><strong>ab</strong></span> <span class='ocrx_word' id='word_1_184' title='bbox 1543 1082 1655 1137; x_wconf 88' lang='lat' dir='ltr'><strong>armatis</strong></span> <span class='ocrx_word' id='word_1_185' title='bbox 1679 1082 1851 1154; x_wconf 64' lang='lat' dir='ltr'><strong>Praetoriania</strong></span> 
     </span>
     <span class='ocr_line' id='line_1_24' title="bbox 1051 1166 1851 1248; baseline 0.015 -26"><span class='ocrx_word' id='word_1_186' title='bbox 1051 1166 1181 1225; x_wconf 79' lang='lat' dir='ltr'><strong>militibus</strong></span> <span class='ocrx_word' id='word_1_187' title='bbox 1197 1169 1355 1228; x_wconf 84' lang='lat' dir='ltr'><strong>interiectus</strong></span> <span class='ocrx_word' id='word_1_188' title='bbox 1369 1172 1421 1238; x_wconf 80' lang='lat' dir='ltr'><strong>sit.</strong></span> <span class='ocrx_word' id='word_1_189' title='bbox 1436 1174 1560 1230; x_wconf 82' lang='lat' dir='ltr'><strong>tectione·</strong></span> <span class='ocrx_word' id='word_1_190' title='bbox 1570 1173 1635 1230; x_wconf 84' lang='lat' dir='ltr'><strong>Laeti</strong></span> <span class='ocrx_word' id='word_1_191' title='bbox 1650 1176 1767 1248; x_wconf 82' lang='lat' dir='ltr'><strong>praelecti</strong></span> <span class='ocrx_word' id='word_1_192' title='bbox 1782 1192 1851 1248; x_wconf 85' lang='lat' dir='ltr'><strong>pra·-</strong></span> 
     </span>
     <span class='ocr_line' id='line_1_25' title="bbox 1046 1263 1849 1342; baseline 0.006 -24"><span class='ocrx_word' id='word_1_193' title='bbox 1046 1263 1121 1331; x_wconf 47' lang='lat' dir='ltr'><strong>‚turio</strong></span> <span class='ocrx_word' id='word_1_194' title='bbox 1144 1264 1286 1334; x_wconf 84' lang='lat' dir='ltr'><strong>ejusdem,</strong></span> <span class='ocrx_word' id='word_1_195' title='bbox 1303 1265 1378 1336; x_wconf 80' lang='lat' dir='ltr'><strong>carius</strong></span> <span class='ocrx_word' id='word_1_196' title='bbox 1393 1265 1471 1338; x_wconf 89' lang='lat' dir='ltr'><strong>jussu</strong></span> <span class='ocrx_word' id='word_1_197' title='bbox 1497 1266 1661 1325; x_wconf 82' lang='lat' dir='ltr'>Commodus</span> <span class='ocrx_word' id='word_1_198' title='bbox 1681 1268 1779 1342; x_wconf 85' lang='lat' dir='ltr'><strong>Imper.</strong></span> <span class='ocrx_word' id='word_1_199' title='bbox 1796 1286 1849 1327; x_wconf 88' lang='lat' dir='ltr'><strong>nou</strong></span> 
     </span>
     <span class='ocr_line' id='line_1_26' title="bbox 1050 1355 1848 1432; baseline 0.008 -23"><span class='ocrx_word' id='word_1_200' title='bbox 1050 1355 1135 1410; x_wconf 93' lang='lat' dir='ltr'><strong>multo</strong></span> <span class='ocrx_word' id='word_1_201' title='bbox 1147 1367 1209 1412; x_wconf 87' lang='lat' dir='ltr'><strong>autc</strong></span> <span class='ocrx_word' id='word_1_202' title='bbox 1220 1373 1235 1412; x_wconf 88' lang='lat' dir='ltr'><strong>a</strong></span> <span class='ocrx_word' id='word_1_203' title='bbox 1246 1356 1373 1413; x_wconf 81' lang='lat' dir='ltr'><strong>Narcisso</strong></span> <span class='ocrx_word' id='word_1_204' title='bbox 1394 1357 1496 1415; x_wconf 85' lang='lat' dir='ltr'><strong>atlrleta</strong></span> <span class='ocrx_word' id='word_1_205' title='bbox 1510 1400 1518 1425; x_wconf 90' lang='lat'>‚</span> <span class='ocrx_word' id='word_1_206' title='bbox 1531 1375 1592 1416; x_wconf 90' lang='lat' dir='ltr'><strong>eum</strong></span> <span class='ocrx_word' id='word_1_207' title='bbox 1614 1375 1669 1432; x_wconf 83' lang='lat' dir='ltr'><strong>quo</strong></span> <span class='ocrx_word' id='word_1_208' title='bbox 1689 1361 1848 1419; x_wconf 88' lang='lat' dir='ltr'><strong>illesolelrar</strong></span> 
     </span>
     <span class='ocr_line' id='line_1_27' title="bbox 1049 1446 1848 1524; baseline 0.011 -24"><span class='ocrx_word' id='word_1_209' title='bbox 1049 1446 1076 1500; x_wconf 94' lang='lat' dir='ltr'><strong>in</strong></span> <span class='ocrx_word' id='word_1_210' title='bbox 1091 1448 1240 1516; x_wconf 79' lang='lat' dir='ltr'><strong>parastatae</strong></span> <span class='ocrx_word' id='word_1_211' title='bbox 1252 1451 1386 1516; x_wconf 83' lang='lat' dir='ltr'><strong>exerceri.</strong></span> <span class='ocrx_word' id='word_1_212' title='bbox 1397 1451 1581 1524; x_wconf 75' lang='lat' dir='ltr'><strong>strangulatus</strong></span> <span class='ocrx_word' id='word_1_213' title='bbox 1590 1451 1686 1509; x_wconf 88' lang='lat' dir='ltr'><strong>iuerat.</strong></span> <span class='ocrx_word' id='word_1_214' title='bbox 1698 1454 1799 1512; x_wconf 82' lang='lat' dir='ltr'><strong>Deinde</strong></span> <span class='ocrx_word' id='word_1_215' title='bbox 1814 1457 1848 1509; x_wconf 84' lang='lat' dir='ltr'><strong>d:</strong></span> 
     </span>
     <span class='ocr_line' id='line_1_28' title="bbox 1048 1537 1849 1617; baseline 0.009 -23"><span class='ocrx_word' id='word_1_216' title='bbox 1048 1537 1146 1611; x_wconf 87' lang='lat' dir='ltr'><strong>imper.</strong></span> <span class='ocrx_word' id='word_1_217' title='bbox 1162 1541 1233 1601; x_wconf 86' lang='lat' dir='ltr'><strong>Caes.</strong></span> <span class='ocrx_word' id='word_1_218' title='bbox 1249 1543 1397 1600; x_wconf 85' lang='lat' dir='ltr'><strong>Pescennio</strong></span> <span class='ocrx_word' id='word_1_219' title='bbox 1410 1543 1508 1614; x_wconf 80' lang='lat' dir='ltr'><strong>Nigro.</strong></span> <span class='ocrx_word' id='word_1_220' title='bbox 1521 1548 1566 1617; x_wconf 83' lang='lat' dir='ltr'><strong>qui</strong></span> <span class='ocrx_word' id='word_1_221' title='bbox 1580 1546 1669 1601; x_wconf 87' lang='lat' dir='ltr'><strong>occiso</strong></span> <span class='ocrx_word' id='word_1_222' title='bbox 1678 1546 1755 1617; x_wconf 84' lang='lat' dir='ltr'><strong>jussu</strong></span> <span class='ocrx_word' id='word_1_223' title='bbox 1765 1546 1849 1604; x_wconf 88' lang='lat' dir='ltr'><strong>Sena-</strong></span> 
     </span>
     <span class='ocr_line' id='line_1_29' title="bbox 1049 1632 1848 1705; baseline 0.011 -20"><span class='ocrx_word' id='word_1_224' title='bbox 1049 1640 1092 1686; x_wconf 89' lang='lat' dir='ltr'><strong>tus</strong></span> <span class='ocrx_word' id='word_1_225' title='bbox 1105 1632 1319 1705; x_wconf 63' lang='lat' dir='ltr'><strong>impunitaem.</strong></span> <span class='ocrx_word' id='word_1_226' title='bbox 1339 1635 1375 1692; x_wconf 90' lang='lat' dir='ltr'><strong>ti.</strong></span> <span class='ocrx_word' id='word_1_227' title='bbox 1391 1636 1518 1692; x_wconf 77' lang='lat' dir='ltr'><strong>ilidiodi.</strong></span> <span class='ocrx_word' id='word_1_228' title='bbox 1536 1637 1566 1692; x_wconf 82' lang='lat' dir='ltr'><strong>F.</strong></span> <span class='ocrx_word' id='word_1_229' title='bbox 1581 1635 1730 1694; x_wconf 85' lang='lat' dir='ltr'><strong>Coromodo</strong></span> <span class='ocrx_word' id='word_1_230' title='bbox 1744 1641 1848 1697; x_wconf 84' lang='lat' dir='ltr'><strong>Seuero</strong></span> 
     </span>
     <span class='ocr_line' id='line_1_30' title="bbox 1048 1725 1845 1815; baseline 0.009 -33"><span class='ocrx_word' id='word_1_231' title='bbox 1048 1725 1155 1784; x_wconf 80' lang='lat' dir='ltr'><strong>iuliano</strong></span> <span class='ocrx_word' id='word_1_232' title='bbox 1167 1729 1304 1798; x_wconf 76' lang='lat' dir='ltr'><strong>Angusto,</strong></span> <span class='ocrx_word' id='word_1_233' title='bbox 1318 1740 1417 1787; x_wconf 87' lang='lat' dir='ltr'><strong>errante</strong></span> <span class='ocrx_word' id='word_1_234' title='bbox 1429 1730 1499 1785; x_wconf 81' lang='lat' dir='ltr'><strong>aliem</strong></span> <span class='ocrx_word' id='word_1_235' title='bbox 1514 1730 1649 1787; x_wconf 82' lang='lat' dir='ltr'><strong>Kalendas</strong></span> <span class='ocrx_word' id='word_1_236' title='bbox 1663 1734 1744 1815; x_wconf 81' lang='lat' dir='ltr'><strong>llaias</strong></span> <span class='ocrx_word' id='word_1_237' title='bbox 1757 1733 1845 1805; x_wconf 82' lang='lat' dir='ltr'><strong>irnpe-</strong></span> 
     </span>
    </p>
   </div>
   <div class='ocr_carea' id='block_1_5' title="bbox 194 1809 1840 1898">
    <p class='ocr_par' dir='ltr' id='par_1_6' title="bbox 194 1809 1840 1898">
     <span class='ocr_line' id='line_1_31' title="bbox 194 1809 1840 1898; baseline 0 -19"><span class='ocrx_word' id='word_1_238' title='bbox 194 1838 281 1889; x_wconf 71' lang='lat' dir='ltr'><strong>xxm</strong></span> <span class='ocrx_word' id='word_1_239' title='bbox 299 1832 422 1879; x_wconf 89' lang='lat' dir='ltr'><strong>nostram</strong></span> <span class='ocrx_word' id='word_1_240' title='bbox 438 1823 580 1879; x_wconf 82' lang='lat' dir='ltr'><strong>cotrirrmat</strong></span> <span class='ocrx_word' id='word_1_241' title='bbox 594 1825 791 1894; x_wconf 78' lang='lat' dir='ltr'><strong>currjucturam</strong></span> <span class='ocrx_word' id='word_1_242' title='bbox 801 1825 872 1898; x_wconf 84' lang='lat' dir='ltr'><strong>quod</strong></span> <span class='ocrx_word' id='word_1_243' title='bbox 885 1836 948 1884; x_wconf 81' lang='lat' dir='ltr'><strong>ante</strong></span> <span class='ocrx_word' id='word_1_244' title='bbox 963 1825 994 1882; x_wconf 82' lang='lat' dir='ltr'><strong>ti.</strong></span> <span class='ocrx_word' id='word_1_245' title='bbox 1009 1809 1033 1870; x_wconf 92' lang='lat' dir='ltr'>B</span> <span class='ocrx_word' id='word_1_246' title='bbox 1048 1817 1117 1872; x_wconf 92' lang='lat' dir='ltr'><strong>rium</strong></span> <span class='ocrx_word' id='word_1_247' title='bbox 1137 1820 1289 1889; x_wconf 79' lang='lat' dir='ltr'><strong>inuaserat,</strong></span> <span class='ocrx_word' id='word_1_248' title='bbox 1305 1821 1370 1878; x_wconf 92' lang='lat' dir='ltr'><strong>illud</strong></span> <span class='ocrx_word' id='word_1_249' title='bbox 1387 1822 1508 1894; x_wconf 86' lang='lat' dir='ltr'><strong>ejusdem</strong></span> <span class='ocrx_word' id='word_1_250' title='bbox 1522 1823 1594 1879; x_wconf 88' lang='lat' dir='ltr'><strong>loci:</strong></span> <span class='ocrx_word' id='word_1_251' title='bbox 1610 1823 1790 1882; x_wconf 83' lang='lat' dir='ltr'><strong>Ploaecoeteri</strong></span> <span class='ocrx_word' id='word_1_252' title='bbox 1803 1844 1840 1888; x_wconf 78' lang='lat' dir='ltr'><strong>or</strong></span> 
     </span>
    </p>
   </div>
   <div class='ocr_carea' id='block_1_6' title="bbox 120 1915 994 3198">
    <p class='ocr_par' dir='ltr' id='par_1_7' title="bbox 120 1915 994 3198">
     <span class='ocr_line' id='line_1_32' title="bbox 191 1915 994 1989; baseline 0.004 -17"><span class='ocrx_word' id='word_1_253' title='bbox 191 1917 252 1972; x_wconf 86' lang='lat' dir='ltr'><strong>dem</strong></span> <span class='ocrx_word' id='word_1_254' title='bbox 267 1915 470 1971; x_wconf 79' lang='lat' dir='ltr'><strong>matrimonium</strong></span> <span class='ocrx_word' id='word_1_255' title='bbox 485 1916 667 1984; x_wconf 78' lang='lat' dir='ltr'><strong>contraxerit,</strong></span> <span class='ocrx_word' id='word_1_256' title='bbox 684 1933 835 1989; x_wconf 84' lang='lat' dir='ltr'><strong>qrrauquam</strong></span> <span class='ocrx_word' id='word_1_257' title='bbox 855 1929 944 1975; x_wconf 90' lang='lat' dir='ltr'><strong>tamen</strong></span> <span class='ocrx_word' id='word_1_258' title='bbox 963 1919 994 1976; x_wconf 92' lang='lat' dir='ltr'><strong>li·</strong></span> 
     </span>
     <span class='ocr_line' id='line_1_33' title="bbox 193 2007 993 2080; baseline 0.003 -14"><span class='ocrx_word' id='word_1_259' title='bbox 193 2009 318 2066; x_wconf 85' lang='lat' dir='ltr'><strong>berorum</strong></span> <span class='ocrx_word' id='word_1_260' title='bbox 339 2008 399 2080; x_wconf 82' lang='lat' dir='ltr'><strong>ejus</strong></span> <span class='ocrx_word' id='word_1_261' title='bbox 421 2007 492 2064; x_wconf 86' lang='lat' dir='ltr'><strong>nulla</strong></span> <span class='ocrx_word' id='word_1_262' title='bbox 512 2010 617 2079; x_wconf 77' lang='lat' dir='ltr'>uspiam</span> <span class='ocrx_word' id='word_1_263' title='bbox 632 2011 744 2067; x_wconf 91' lang='lat' dir='ltr'><strong>mentio.</strong></span> <span class='ocrx_word' id='word_1_264' title='bbox 759 2009 890 2067; x_wconf 88' lang='lat' dir='ltr'><strong>Scribitur</strong></span> <span class='ocrx_word' id='word_1_265' title='bbox 903 2018 993 2068; x_wconf 84' lang='lat' dir='ltr'><strong>autem</strong></span> 
     </span>
     <span class='ocr_line' id='line_1_34' title="bbox 200 2091 992 2174; baseline 0.006 -17"><span class='ocrx_word' id='word_1_266' title='bbox 200 2101 370 2158; x_wconf 86' lang='lat' dir='ltr'><strong>a&#39;lritlremio</strong></span> <span class='ocrx_word' id='word_1_267' title='bbox 380 2100 450 2172; x_wconf 92' lang='lat' dir='ltr'><strong>apud</strong></span> <span class='ocrx_word' id='word_1_268' title='bbox 463 2091 765 2174; x_wconf 76' lang='lat' dir='ltr'><strong>Cartlragiuemialiuuot</strong></span> <span class='ocrx_word' id='word_1_269' title='bbox 779 2105 856 2160; x_wconf 75' lang='lat' dir='ltr'><strong>anaia</strong></span> <span class='ocrx_word' id='word_1_270' title='bbox 865 2104 992 2162; x_wconf 83' lang='lat' dir='ltr'><strong>Rhetori-</strong></span> 
     </span>
     <span class='ocr_line' id='line_1_35' title="bbox 120 2194 992 2268; baseline 0.007 -17"><span class='ocrx_word' id='word_1_271' title='bbox 120 2219 128 2228; x_wconf 93' lang='lat'>·</span> <span class='ocrx_word' id='word_1_272' title='bbox 199 2210 257 2252; x_wconf 77' lang='lat' dir='ltr'><strong>earm</strong></span> <span class='ocrx_word' id='word_1_273' title='bbox 265 2194 381 2266; x_wconf 74' lang='lat' dir='ltr'><strong>gloriose</strong></span> <span class='ocrx_word' id='word_1_274' title='bbox 391 2195 515 2253; x_wconf 88' lang='lat' dir='ltr'><strong>docuisse</strong></span> <span class='ocrx_word' id='word_1_275' title='bbox 527 2213 535 2265; x_wconf 91' lang='lat'>;</span> <span class='ocrx_word' id='word_1_276' title='bbox 550 2206 641 2268; x_wconf 87' lang='lat' dir='ltr'><strong>postea</strong></span> <span class='ocrx_word' id='word_1_277' title='bbox 655 2206 682 2254; x_wconf 87' lang='lat' dir='ltr'><strong>et</strong></span> <span class='ocrx_word' id='word_1_278' title='bbox 696 2196 836 2254; x_wconf 86' lang='lat' dir='ltr'><strong>Oratorem</strong></span> <span class='ocrx_word' id='word_1_279' title='bbox 849 2197 932 2256; x_wconf 87' lang='lat' dir='ltr'><strong>luisse</strong></span> <span class='ocrx_word' id='word_1_280' title='bbox 943 2213 992 2257; x_wconf 88' lang='lat' dir='ltr'><strong>serr</strong></span> 
     </span>
     <span class='ocr_line' id='line_1_36' title="bbox 192 2289 992 2368; baseline 0.01 -24"><span class='ocrx_word' id='word_1_281' title='bbox 192 2304 332 2346; x_wconf 85' lang='lat' dir='ltr'><strong>causarum</strong></span> <span class='ocrx_word' id='word_1_282' title='bbox 362 2289 528 2368; x_wconf 78' lang='lat' dir='ltr'><strong>Advocatum</strong></span> <span class='ocrx_word' id='word_1_283' title='bbox 560 2307 621 2348; x_wconf 90' lang='lat' dir='ltr'><strong>mox</strong></span> <span class='ocrx_word' id='word_1_284' title='bbox 646 2293 891 2365; x_wconf 84' lang='lat' dir='ltr'>comprobabimus.</span> <span class='ocrx_word' id='word_1_285' title='bbox 914 2293 992 2352; x_wconf 81' lang='lat' dir='ltr'><strong>iure·</strong></span> 
     </span>
     <span class='ocr_line' id='line_1_37' title="bbox 186 2381 991 2458; baseline 0.009 -21"><span class='ocrx_word' id='word_1_286' title='bbox 186 2383 343 2438; x_wconf 82' lang='lat' dir='ltr'><strong>consultum</strong></span> <span class='ocrx_word' id='word_1_287' title='bbox 359 2383 440 2440; x_wconf 88' lang='lat' dir='ltr'><strong>etiam</strong></span> <span class='ocrx_word' id='word_1_288' title='bbox 454 2381 538 2440; x_wconf 84' lang='lat' dir='ltr'><strong>luisse</strong></span> <span class='ocrx_word' id='word_1_289' title='bbox 559 2393 665 2440; x_wconf 85' lang='lat' dir='ltr'><strong>onustat</strong></span> <span class='ocrx_word' id='word_1_290' title='bbox 678 2400 711 2439; x_wconf 86' lang='lat' dir='ltr'><strong>ex</strong></span> <span class='ocrx_word' id='word_1_291' title='bbox 732 2387 813 2442; x_wconf 90' lang='lat' dir='ltr'><strong>uariis</strong></span> <span class='ocrx_word' id='word_1_292' title='bbox 826 2387 922 2458; x_wconf 81' lang='lat' dir='ltr'><strong>uiribus</strong></span> <span class='ocrx_word' id='word_1_293' title='bbox 936 2387 991 2444; x_wconf 88' lang='lat' dir='ltr'><strong>uti·</strong></span> 
     </span>
     <span class='ocr_line' id='line_1_38' title="bbox 188 2475 991 2546; baseline 0.009 -16"><span class='ocrx_word' id='word_1_294' title='bbox 188 2483 235 2530; x_wconf 89' lang='lat' dir='ltr'><strong>tur</strong></span> <span class='ocrx_word' id='word_1_295' title='bbox 271 2475 417 2546; x_wconf 85' lang='lat' dir='ltr'><strong>pirrasiltus</strong></span> <span class='ocrx_word' id='word_1_296' title='bbox 451 2484 479 2533; x_wconf 87' lang='lat' dir='ltr'><strong>el</strong></span> <span class='ocrx_word' id='word_1_297' title='bbox 501 2475 549 2534; x_wconf 82' lang='lat' dir='ltr'><strong>JC.</strong></span> <span class='ocrx_word' id='word_1_298' title='bbox 582 2476 703 2533; x_wconf 84' lang='lat' dir='ltr'><strong>uocibus.</strong></span> <span class='ocrx_word' id='word_1_299' title='bbox 731 2475 865 2534; x_wconf 71' lang='lat' dir='ltr'><strong>Fortassis</strong></span> <span class='ocrx_word' id='word_1_300' title='bbox 896 2479 991 2537; x_wconf 75' lang='lat' dir='ltr'><strong>llomae</strong></span> 
     </span>
     <span class='ocr_line' id='line_1_39' title="bbox 181 2567 989 2638; baseline 0.007 -16"><span class='ocrx_word' id='word_1_301' title='bbox 181 2579 358 2638; x_wconf 71' lang='lat' dir='ltr'><strong>praeoptare</strong></span> <span class='ocrx_word' id='word_1_302' title='bbox 381 2583 446 2625; x_wconf 89' lang='lat' dir='ltr'><strong>usus</strong></span> <span class='ocrx_word' id='word_1_303' title='bbox 456 2578 497 2625; x_wconf 90' lang='lat' dir='ltr'><strong>est</strong></span> <span class='ocrx_word' id='word_1_304' title='bbox 511 2567 635 2626; x_wconf 88' lang='lat' dir='ltr'><strong>Serlridiu</strong></span> <span class='ocrx_word' id='word_1_305' title='bbox 647 2568 787 2635; x_wconf 70' lang='lat' dir='ltr'><strong>Scaerola..</strong></span> <span class='ocrx_word' id='word_1_306' title='bbox 801 2581 828 2626; x_wconf 89' lang='lat' dir='ltr'><strong>et</strong></span> <span class='ocrx_word' id='word_1_307' title='bbox 841 2571 989 2628; x_wconf 89' lang='lat' dir='ltr'><strong>studiorum</strong></span> 
     </span>
     <span class='ocr_line' id='line_1_40' title="bbox 179 2662 991 2737; baseline 0.007 -19"><span class='ocrx_word' id='word_1_308' title='bbox 179 2662 293 2734; x_wconf 79' lang='lat' dir='ltr'><strong>collega</strong></span> <span class='ocrx_word' id='word_1_309' title='bbox 321 2662 422 2719; x_wconf 80' lang='lat' dir='ltr'><strong>Seuero</strong></span> <span class='ocrx_word' id='word_1_310' title='bbox 455 2663 522 2736; x_wconf 88' lang='lat' dir='ltr'><strong>imp.</strong></span> <span class='ocrx_word' id='word_1_311' title='bbox 547 2673 575 2720; x_wconf 91' lang='lat' dir='ltr'><strong>et</strong></span> <span class='ocrx_word' id='word_1_312' title='bbox 595 2663 707 2722; x_wconf 85' lang='lat' dir='ltr'><strong>AEmilio</strong></span> <span class='ocrx_word' id='word_1_313' title='bbox 730 2665 879 2737; x_wconf 81' lang='lat' dir='ltr'><strong>Papiniano</strong></span> <span class='ocrx_word' id='word_1_314' title='bbox 893 2675 991 2724; x_wconf 77' lang='lat' dir='ltr'><strong>:utute</strong></span> 
     </span>
     <span class='ocr_line' id='line_1_41' title="bbox 180 2755 989 2829; baseline 0.009 -19"><span class='ocrx_word' id='word_1_315' title='bbox 180 2763 282 2811; x_wconf 84' lang='lat' dir='ltr'><strong>tamen</strong></span> <span class='ocrx_word' id='word_1_316' title='bbox 307 2755 396 2812; x_wconf 92' lang='lat' dir='ltr'><strong>minor</strong></span> <span class='ocrx_word' id='word_1_317' title='bbox 416 2755 594 2829; x_wconf 84' lang='lat' dir='ltr'><strong>Set·cro,qui</strong></span> <span class='ocrx_word' id='word_1_318' title='bbox 618 2769 697 2815; x_wconf 91' lang='lat' dir='ltr'><strong>uatus</strong></span> <span class='ocrx_word' id='word_1_319' title='bbox 722 2758 772 2814; x_wconf 86' lang='lat' dir='ltr'><strong>init</strong></span> <span class='ocrx_word' id='word_1_320' title='bbox 796 2773 868 2815; x_wconf 90' lang='lat' dir='ltr'><strong>anno</strong></span> <span class='ocrx_word' id='word_1_321' title='bbox 884 2760 989 2817; x_wconf 84' lang='lat' dir='ltr'><strong>Domini</strong></span> 
     </span>
     <span class='ocr_line' id='line_1_42' title="bbox 179 2849 987 2924; baseline 0.01 -20"><span class='ocrx_word' id='word_1_322' title='bbox 179 2863 280 2914; x_wconf 81' lang='lat' dir='ltr'><strong>exuri,</strong></span> <span class='ocrx_word' id='word_1_323' title='bbox 299 2857 329 2904; x_wconf 93' lang='lat' dir='ltr'><strong>ut</strong></span> <span class='ocrx_word' id='word_1_324' title='bbox 344 2849 570 2923; x_wconf 77' lang='lat' dir='ltr'><strong>quadragenarius</strong></span> <span class='ocrx_word' id='word_1_325' title='bbox 584 2851 664 2910; x_wconf 87' lang='lat' dir='ltr'><strong>iucrit</strong></span> <span class='ocrx_word' id='word_1_326' title='bbox 686 2853 762 2908; x_wconf 94' lang='lat' dir='ltr'><strong>initio</strong></span> <span class='ocrx_word' id='word_1_327' title='bbox 786 2853 892 2924; x_wconf 87' lang='lat' dir='ltr'><strong>imperii</strong></span> <span class='ocrx_word' id='word_1_328' title='bbox 907 2855 987 2912; x_wconf 90' lang='lat' dir='ltr'><strong>illius.</strong></span> 
     </span>
     <span class='ocr_line' id='line_1_43' title="bbox 177 2929 989 3019; baseline 0.012 -23"><span class='ocrx_word' id='word_1_329' title='bbox 177 2940 251 2996; x_wconf 87' lang='lat' dir='ltr'><strong>lndc</strong></span> <span class='ocrx_word' id='word_1_330' title='bbox 270 2940 344 2997; x_wconf 90' lang='lat' dir='ltr'><strong>euim</strong></span> <span class='ocrx_word' id='word_1_331' title='bbox 355 2941 391 2997; x_wconf 86' lang='lat' dir='ltr'><strong>ad</strong></span> <span class='ocrx_word' id='word_1_332' title='bbox 405 2941 486 3000; x_wconf 84' lang='lat' dir='ltr'><strong>irrrem</strong></span> <span class='ocrx_word' id='word_1_333' title='bbox 502 2959 587 3016; x_wconf 82' lang='lat' dir='ltr'><strong>usque</strong></span> <span class='ocrx_word' id='word_1_334' title='bbox 611 2929 719 3019; x_wconf 86' lang='lat' dir='ltr'><strong>imperii</strong></span> <span class='ocrx_word' id='word_1_335' title='bbox 736 2946 818 3016; x_wconf 81' lang='lat' dir='ltr'><strong>ipsius</strong></span> <span class='ocrx_word' id='word_1_336' title='bbox 831 2958 857 3003; x_wconf 91' lang='lat' dir='ltr'><strong>ct</strong></span> <span class='ocrx_word' id='word_1_337' title='bbox 871 2946 919 3004; x_wconf 85' lang='lat' dir='ltr'><strong>lilii</strong></span> <span class='ocrx_word' id='word_1_338' title='bbox 931 2951 989 3019; x_wconf 79' lang='lat' dir='ltr'><strong>cius</strong></span> 
     </span>
     <span class='ocr_line' id='line_1_44' title="bbox 176 3033 988 3108; baseline 0.01 -18"><span class='ocrx_word' id='word_1_339' title='bbox 176 3033 321 3090; x_wconf 80' lang='lat' dir='ltr'><strong>Antonini</strong></span> <span class='ocrx_word' id='word_1_340' title='bbox 333 3033 496 3102; x_wconf 83' lang='lat' dir='ltr'><strong>Caracallm,</strong></span> <span class='ocrx_word' id='word_1_341' title='bbox 510 3038 561 3093; x_wconf 87' lang='lat' dir='ltr'><strong>sulr</strong></span> <span class='ocrx_word' id='word_1_342' title='bbox 574 3037 671 3108; x_wconf 82' lang='lat' dir='ltr'><strong>ouibus</strong></span> <span class='ocrx_word' id='word_1_343' title='bbox 684 3041 785 3096; x_wconf 77' lang='lat' dir='ltr'><strong>Auctor</strong></span> <span class='ocrx_word' id='word_1_344' title='bbox 799 3039 907 3107; x_wconf 86' lang='lat' dir='ltr'><strong>iloruit,</strong></span> <span class='ocrx_word' id='word_1_345' title='bbox 925 3042 988 3099; x_wconf 88' lang='lat' dir='ltr'><strong>unni</strong></span> 
     </span>
     <span class='ocr_line' id='line_1_45' title="bbox 176 3117 988 3198; baseline 0.014 -17"><span class='ocrx_word' id='word_1_346' title='bbox 176 3125 344 3186; x_wconf 76' lang='lat' dir='ltr'><strong>efficiuntur</strong></span> <span class='ocrx_word' id='word_1_347' title='bbox 369 3117 442 3185; x_wconf 78' lang='lat' dir='ltr'><strong>rrr&#39;r.</strong></span> <span class='ocrx_word' id='word_1_348' title='bbox 459 3139 505 3186; x_wconf 90' lang='lat' dir='ltr'><strong>aut</strong></span> <span class='ocrx_word' id='word_1_349' title='bbox 528 3131 653 3198; x_wconf 75' lang='lat' dir='ltr'><strong>circitor:</strong></span> <span class='ocrx_word' id='word_1_350' title='bbox 669 3141 696 3188; x_wconf 89' lang='lat' dir='ltr'><strong>et</strong></span> <span class='ocrx_word' id='word_1_351' title='bbox 718 3135 758 3190; x_wconf 87' lang='lat' dir='ltr'><strong>sie</strong></span> <span class='ocrx_word' id='word_1_352' title='bbox 780 3135 861 3190; x_wconf 88' lang='lat' dir='ltr'><strong>simul</strong></span> <span class='ocrx_word' id='word_1_353' title='bbox 886 3137 988 3192; x_wconf 90' lang='lat' dir='ltr'><strong>cousti-</strong></span> 
     </span>
    </p>
   </div>
   <div class='ocr_carea' id='block_1_7' title="bbox 1041 1908 1846 3202">
    <p class='ocr_par' dir='ltr' id='par_1_8' title="bbox 1041 1908 1846 3202">
     <span class='ocr_line' id='line_1_46' title="bbox 1046 1908 1846 1993; baseline 0.011 -31"><span class='ocrx_word' id='word_1_354' title='bbox 1046 1908 1119 1965; x_wconf 83' lang='lat' dir='ltr'><strong>diner</strong></span> <span class='ocrx_word' id='word_1_355' title='bbox 1131 1927 1179 1982; x_wconf 86' lang='lat' dir='ltr'><strong>pro</strong></span> <span class='ocrx_word' id='word_1_356' title='bbox 1190 1914 1342 1969; x_wconf 83' lang='lat' dir='ltr'><strong>anctoritate</strong></span> <span class='ocrx_word' id='word_1_357' title='bbox 1352 1916 1465 1987; x_wconf 76' lang='lat' dir='ltr'><strong>retipiorr&#39;</strong></span> <span class='ocrx_word' id='word_1_358' title='bbox 1477 1931 1510 1972; x_wconf 77' lang='lat' dir='ltr'><strong>er</strong></span> <span class='ocrx_word' id='word_1_359' title='bbox 1519 1914 1644 1992; x_wconf 67' lang='lat' dir='ltr'><strong>fiderriiril</strong></span> <span class='ocrx_word' id='word_1_360' title='bbox 1653 1917 1777 1973; x_wconf 76' lang='lat' dir='ltr'><strong>hosticum</strong></span> <span class='ocrx_word' id='word_1_361' title='bbox 1789 1919 1846 1993; x_wconf 74' lang='lat' dir='ltr'><strong>(erri-</strong></span> 
     </span>
     <span class='ocr_line' id='line_1_47' title="bbox 1046 2002 1845 2079; baseline 0.014 -24"><span class='ocrx_word' id='word_1_362' title='bbox 1046 2017 1132 2059; x_wconf 83' lang='lat' dir='ltr'><strong>cersttt</strong></span> <span class='ocrx_word' id='word_1_363' title='bbox 1147 2002 1286 2078; x_wconf 76' lang='lat' dir='ltr'><strong>Cursarem)</strong></span> <span class='ocrx_word' id='word_1_364' title='bbox 1298 2006 1331 2061; x_wconf 89' lang='lat' dir='ltr'><strong>de</strong></span> <span class='ocrx_word' id='word_1_365' title='bbox 1345 2009 1400 2079; x_wconf 82' lang='lat' dir='ltr'><strong>ipro</strong></span> <span class='ocrx_word' id='word_1_366' title='bbox 1416 2007 1515 2063; x_wconf 83' lang='lat' dir='ltr'><strong>Senatu</strong></span> <span class='ocrx_word' id='word_1_367' title='bbox 1527 2049 1534 2070; x_wconf 83' lang='lat'><strong>.</strong></span> <span class='ocrx_word' id='word_1_368' title='bbox 1547 2008 1688 2078; x_wconf 76' lang='lat' dir='ltr'><strong>decurrite,</strong></span> <span class='ocrx_word' id='word_1_369' title='bbox 1700 2009 1733 2064; x_wconf 87' lang='lat' dir='ltr'><strong>tle</strong></span> <span class='ocrx_word' id='word_1_370' title='bbox 1744 2014 1845 2076; x_wconf 80' lang='lat' dir='ltr'><strong>castris,</strong></span> 
     </span>
     <span class='ocr_line' id='line_1_48' title="bbox 1045 2094 1846 2173; baseline 0.012 -25"><span class='ocrx_word' id='word_1_371' title='bbox 1045 2094 1078 2148; x_wconf 86' lang='lat' dir='ltr'><strong>de</strong></span> <span class='ocrx_word' id='word_1_372' title='bbox 1088 2095 1193 2166; x_wconf 82' lang='lat' dir='ltr'><strong>palatiis</strong></span> <span class='ocrx_word' id='word_1_373' title='bbox 1207 2097 1270 2168; x_wconf 81' lang='lat' dir='ltr'><strong>ipsis</strong></span> <span class='ocrx_word' id='word_1_374' title='bbox 1279 2099 1392 2170; x_wconf 84' lang='lat' dir='ltr'><strong>spirent.</strong></span> <span class='ocrx_word' id='word_1_375' title='bbox 1403 2098 1478 2156; x_wconf 85' lang='lat' dir='ltr'><strong>Unde</strong></span> <span class='ocrx_word' id='word_1_376' title='bbox 1487 2097 1570 2156; x_wconf 82' lang='lat' dir='ltr'><strong>Cottii</strong></span> <span class='ocrx_word' id='word_1_377' title='bbox 1582 2112 1605 2156; x_wconf 88' lang='lat' dir='ltr'><strong>et</strong></span> <span class='ocrx_word' id='word_1_378' title='bbox 1617 2099 1695 2173; x_wconf 80' lang='lat' dir='ltr'><strong>Niprr&#39;</strong></span> <span class='ocrx_word' id='word_1_379' title='bbox 1704 2102 1717 2158; x_wconf 79' lang='lat' dir='ltr'><strong>i</strong></span> <span class='ocrx_word' id='word_1_380' title='bbox 1727 2102 1846 2172; x_wconf 80' lang='lat' dir='ltr'><strong>Quorum</strong></span> 
     </span>
     <span class='ocr_line' id='line_1_49' title="bbox 1046 2190 1844 2268; baseline 0.008 -25"><span class='ocrx_word' id='word_1_381' title='bbox 1046 2191 1120 2258; x_wconf 91' lang='lat' dir='ltr'><strong>prius</strong></span> <span class='ocrx_word' id='word_1_382' title='bbox 1133 2190 1167 2246; x_wconf 88' lang='lat' dir='ltr'><strong>ad</strong></span> <span class='ocrx_word' id='word_1_383' title='bbox 1181 2192 1305 2246; x_wconf 77' lang='lat' dir='ltr'><strong>Atidium</strong></span> <span class='ocrx_word' id='word_1_384' title='bbox 1326 2193 1449 2248; x_wconf 81' lang='lat' dir='ltr'><strong>Cassium</strong></span> <span class='ocrx_word' id='word_1_385' title='bbox 1472 2193 1588 2250; x_wconf 90' lang='lat' dir='ltr'><strong>rciertur</strong></span> <span class='ocrx_word' id='word_1_386' title='bbox 1602 2237 1610 2260; x_wconf 83' lang='lat'><em>,</em></span> <span class='ocrx_word' id='word_1_387' title='bbox 1626 2198 1671 2268; x_wconf 91' lang='lat' dir='ltr'><strong>qui</strong></span> <span class='ocrx_word' id='word_1_388' title='bbox 1690 2213 1725 2253; x_wconf 81' lang='lat' dir='ltr'><strong>ex</strong></span> <span class='ocrx_word' id='word_1_389' title='bbox 1745 2197 1844 2254; x_wconf 70' lang='lat' dir='ltr'><strong>iamilLr</strong></span> 
     </span>
     <span class='ocr_line' id='line_1_50' title="bbox 1044 2279 1846 2355; baseline 0.005 -19"><span class='ocrx_word' id='word_1_390' title='bbox 1044 2279 1199 2338; x_wconf 84' lang='lat' dir='ltr'>Cassiorum</span> <span class='ocrx_word' id='word_1_391' title='bbox 1217 2281 1249 2341; x_wconf 85' lang='lat' dir='ltr'><strong>C.</strong></span> <span class='ocrx_word' id='word_1_392' title='bbox 1265 2283 1329 2340; x_wconf 79' lang='lat' dir='ltr'><strong>iulii</strong></span> <span class='ocrx_word' id='word_1_393' title='bbox 1340 2283 1411 2342; x_wconf 78' lang='lat' dir='ltr'><strong>Cass.</strong></span> <span class='ocrx_word' id='word_1_394' title='bbox 1432 2286 1655 2355; x_wconf 80' lang='lat' dir='ltr'><strong>interfectorum,</strong></span> <span class='ocrx_word' id='word_1_395' title='bbox 1671 2297 1699 2346; x_wconf 91' lang='lat' dir='ltr'><strong>et</strong></span> <span class='ocrx_word' id='word_1_396' title='bbox 1710 2290 1846 2346; x_wconf 75' lang='lat' dir='ltr'><strong>Antonia·</strong></span> 
     </span>
     <span class='ocr_line' id='line_1_51' title="bbox 1043 2373 1845 2454; baseline 0.01 -22"><span class='ocrx_word' id='word_1_397' title='bbox 1043 2373 1093 2432; x_wconf 85' lang='lat' dir='ltr'><strong>ero</strong></span> <span class='ocrx_word' id='word_1_398' title='bbox 1105 2386 1133 2433; x_wconf 92' lang='lat' dir='ltr'><strong>ct</strong></span> <span class='ocrx_word' id='word_1_399' title='bbox 1146 2377 1236 2436; x_wconf 83' lang='lat' dir='ltr'><strong>llareo</strong></span> <span class='ocrx_word' id='word_1_400' title='bbox 1250 2393 1282 2436; x_wconf 89' lang='lat' dir='ltr'><strong>ae</strong></span> <span class='ocrx_word' id='word_1_401' title='bbox 1298 2378 1368 2435; x_wconf 83' lang='lat' dir='ltr'><strong>tero</strong></span> <span class='ocrx_word' id='word_1_402' title='bbox 1387 2378 1474 2451; x_wconf 85' lang='lat' dir='ltr'><strong>impp.</strong></span> <span class='ocrx_word' id='word_1_403' title='bbox 1498 2380 1664 2452; x_wconf 87' lang='lat' dir='ltr'><strong>principatus</strong></span> <span class='ocrx_word' id='word_1_404' title='bbox 1684 2393 1845 2454; x_wconf 81' lang='lat' dir='ltr'><strong>extorquere</strong></span> 
     </span>
     <span class='ocr_line' id='line_1_52' title="bbox 1045 2469 1845 2546; baseline 0.004 -20"><span class='ocrx_word' id='word_1_405' title='bbox 1045 2479 1160 2527; x_wconf 80' lang='lat' dir='ltr'><strong>conatus</strong></span> <span class='ocrx_word' id='word_1_406' title='bbox 1170 2469 1220 2528; x_wconf 81' lang='lat' dir='ltr'><strong>luit</strong></span> <span class='ocrx_word' id='word_1_407' title='bbox 1232 2489 1239 2540; x_wconf 93' lang='lat'>;</span> <span class='ocrx_word' id='word_1_408' title='bbox 1252 2474 1366 2528; x_wconf 87' lang='lat' dir='ltr'><strong>alterum</strong></span> <span class='ocrx_word' id='word_1_409' title='bbox 1379 2473 1414 2529; x_wconf 90' lang='lat' dir='ltr'><strong>ad</strong></span> <span class='ocrx_word' id='word_1_410' title='bbox 1424 2474 1496 2545; x_wconf 80' lang='lat' dir='ltr'>Nigri</span> <span class='ocrx_word' id='word_1_411' title='bbox 1511 2474 1738 2546; x_wconf 84' lang='lat' dir='ltr'><strong>conspirationem</strong></span> <span class='ocrx_word' id='word_1_412' title='bbox 1751 2477 1845 2532; x_wconf 84' lang='lat' dir='ltr'><strong>adver·-</strong></span> 
     </span>
     <span class='ocr_line' id='line_1_53' title="bbox 1043 2561 1844 2640; baseline 0.004 -23"><span class='ocrx_word' id='word_1_413' title='bbox 1043 2575 1092 2618; x_wconf 79' lang='lat' dir='ltr'><strong>sus</strong></span> <span class='ocrx_word' id='word_1_414' title='bbox 1105 2562 1235 2620; x_wconf 74' lang='lat' dir='ltr'><strong>seucum</strong></span> <span class='ocrx_word' id='word_1_415' title='bbox 1250 2564 1318 2635; x_wconf 84' lang='lat' dir='ltr'><strong>imp.</strong></span> <span class='ocrx_word' id='word_1_416' title='bbox 1335 2561 1396 2619; x_wconf 80' lang='lat' dir='ltr'><strong>Jom</strong></span> <span class='ocrx_word' id='word_1_417' title='bbox 1410 2574 1433 2620; x_wconf 86' lang='lat' dir='ltr'><strong>et</strong></span> <span class='ocrx_word' id='word_1_418' title='bbox 1447 2565 1571 2621; x_wconf 83' lang='lat' dir='ltr'><strong>soierrmio</strong></span> <span class='ocrx_word' id='word_1_419' title='bbox 1595 2564 1727 2623; x_wconf 77' lang='lat' dir='ltr'><strong>Getarum</strong></span> <span class='ocrx_word' id='word_1_420' title='bbox 1745 2569 1844 2640; x_wconf 85' lang='lat' dir='ltr'><strong>(quali</strong></span> 
     </span>
     <span class='ocr_line' id='line_1_54' title="bbox 1042 2655 1843 2734; baseline 0.004 -21"><span class='ocrx_word' id='word_1_421' title='bbox 1042 2655 1123 2713; x_wconf 87' lang='lat' dir='ltr'><strong>etiam</strong></span> <span class='ocrx_word' id='word_1_422' title='bbox 1137 2657 1252 2714; x_wconf 82' lang='lat' dir='ltr'><strong>Kalend.</strong></span> <span class='ocrx_word' id='word_1_423' title='bbox 1266 2658 1353 2716; x_wconf 85' lang='lat' dir='ltr'><strong>luuiis</strong></span> <span class='ocrx_word' id='word_1_424' title='bbox 1364 2663 1390 2716; x_wconf 91' lang='lat' dir='ltr'><strong>io</strong></span> <span class='ocrx_word' id='word_1_425' title='bbox 1405 2663 1580 2733; x_wconf 80' lang='lat' dir='ltr'><strong>auguratione</strong></span> <span class='ocrx_word' id='word_1_426' title='bbox 1591 2679 1660 2718; x_wconf 84' lang='lat' dir='ltr'><strong>nora</strong></span> <span class='ocrx_word' id='word_1_427' title='bbox 1673 2662 1767 2720; x_wconf 82' lang='lat' dir='ltr'><strong>Seueri</strong></span> <span class='ocrx_word' id='word_1_428' title='bbox 1779 2705 1788 2732; x_wconf 84' lang='grc'>,</span> <span class='ocrx_word' id='word_1_429' title='bbox 1798 2667 1843 2734; x_wconf 76' lang='lat' dir='ltr'><strong>qai</strong></span> 
     </span>
     <span class='ocr_line' id='line_1_55' title="bbox 1042 2747 1841 2825; baseline 0.011 -22"><span class='ocrx_word' id='word_1_430' title='bbox 1042 2757 1121 2804; x_wconf 82' lang='lat' dir='ltr'><strong>antea</strong></span> <span class='ocrx_word' id='word_1_431' title='bbox 1137 2747 1226 2807; x_wconf 87' lang='lat' dir='ltr'><strong>idilrus</strong></span> <span class='ocrx_word' id='word_1_432' title='bbox 1235 2750 1295 2806; x_wconf 85' lang='lat' dir='ltr'><strong>lloii</strong></span> <span class='ocrx_word' id='word_1_433' title='bbox 1304 2752 1339 2808; x_wconf 86' lang='lat' dir='ltr'><strong>ab</strong></span> <span class='ocrx_word' id='word_1_434' title='bbox 1352 2754 1471 2810; x_wconf 82' lang='lat' dir='ltr'><strong>exercitu</strong></span> <span class='ocrx_word' id='word_1_435' title='bbox 1483 2752 1632 2825; x_wconf 88' lang='lat' dir='ltr'><strong>imperator</strong></span> <span class='ocrx_word' id='word_1_436' title='bbox 1645 2755 1733 2810; x_wconf 88' lang='lat' dir='ltr'><strong>dictus</strong></span> <span class='ocrx_word' id='word_1_437' title='bbox 1745 2755 1841 2812; x_wconf 80' lang='lat' dir='ltr'><strong>lucrari.</strong></span> 
     </span>
     <span class='ocr_line' id='line_1_56' title="bbox 1042 2843 1844 2915; baseline -0.001 -16"><span class='ocrx_word' id='word_1_438' title='bbox 1042 2843 1175 2901; x_wconf 84' lang='lat' dir='ltr'><strong>celebrata</strong></span> <span class='ocrx_word' id='word_1_439' title='bbox 1189 2846 1265 2915; x_wconf 89' lang='lat' dir='ltr'><strong>sunt)</strong></span> <span class='ocrx_word' id='word_1_440' title='bbox 1279 2844 1380 2902; x_wconf 87' lang='lat' dir='ltr'><strong>ilridem</strong></span> <span class='ocrx_word' id='word_1_441' title='bbox 1403 2847 1429 2902; x_wconf 93' lang='lat' dir='ltr'><strong>in</strong></span> <span class='ocrx_word' id='word_1_442' title='bbox 1454 2845 1512 2903; x_wconf 82' lang='lat' dir='ltr'><strong>lraec</strong></span> <span class='ocrx_word' id='word_1_443' title='bbox 1533 2845 1614 2902; x_wconf 79' lang='lat' dir='ltr'><strong>veroa</strong></span> <span class='ocrx_word' id='word_1_444' title='bbox 1630 2847 1777 2904; x_wconf 81' lang='lat' dir='ltr'><strong>describit:</strong></span> <span class='ocrx_word' id='word_1_445' title='bbox 1794 2847 1844 2902; x_wconf 75' lang='lat' dir='ltr'><strong>dir</strong></span> 
     </span>
     <span class='ocr_line' id='line_1_57' title="bbox 1042 2937 1844 3012; baseline 0.001 -22"><span class='ocrx_word' id='word_1_446' title='bbox 1042 2937 1085 2994; x_wconf 84' lang='lat' dir='ltr'><strong>die</strong></span> <span class='ocrx_word' id='word_1_447' title='bbox 1102 2937 1162 2994; x_wconf 76' lang='lat' dir='ltr'><strong>leta</strong></span> <span class='ocrx_word' id='word_1_448' title='bbox 1180 2955 1232 2994; x_wconf 88' lang='lat' dir='ltr'><strong>aon</strong></span> <span class='ocrx_word' id='word_1_449' title='bbox 1252 2939 1348 2995; x_wconf 84' lang='lat' dir='ltr'><strong>laureis</strong></span> <span class='ocrx_word' id='word_1_450' title='bbox 1364 2951 1449 3012; x_wconf 80' lang='lat' dir='ltr'><strong>portes</strong></span> <span class='ocrx_word' id='word_1_451' title='bbox 1467 2941 1647 2997; x_wconf 80' lang='lat' dir='ltr'><strong>obumbremur</strong></span> <span class='ocrx_word' id='word_1_452' title='bbox 1660 2983 1667 3007; x_wconf 87' lang='lat'><em>,</em></span> <span class='ocrx_word' id='word_1_453' title='bbox 1678 2941 1844 2996; x_wconf 66' lang='lat' dir='ltr'><strong>neciucerois</strong></span> 
     </span>
     <span class='ocr_line' id='line_1_58' title="bbox 1042 3021 1841 3109; baseline 0.003 -24"><span class='ocrx_word' id='word_1_454' title='bbox 1042 3030 1109 3085; x_wconf 86' lang='lat' dir='ltr'><strong>dierrr</strong></span> <span class='ocrx_word' id='word_1_455' title='bbox 1119 3033 1306 3105; x_wconf 75' lang='lat' dir='ltr'><strong>insrinpimtrs?</strong></span> <span class='ocrx_word' id='word_1_456' title='bbox 1317 3043 1344 3090; x_wconf 93' lang='lat' dir='ltr'><strong>cl</strong></span> <span class='ocrx_word' id='word_1_457' title='bbox 1358 3035 1437 3106; x_wconf 89' lang='lat' dir='ltr'><strong>paolo</strong></span> <span class='ocrx_word' id='word_1_458' title='bbox 1450 3047 1528 3108; x_wconf 79' lang='lat' dir='ltr'><strong>post:</strong></span> <span class='ocrx_word' id='word_1_459' title='bbox 1540 3035 1616 3108; x_wconf 79' lang='lat' dir='ltr'><strong>ipsos</strong></span> <span class='ocrx_word' id='word_1_460' title='bbox 1627 3036 1749 3104; x_wconf 83' lang='lat' dir='ltr'><strong>Quirites,</strong></span> <span class='ocrx_word' id='word_1_461' title='bbox 1760 3021 1841 3109; x_wconf 66' lang='lat' dir='ltr'><strong>ipima</strong></span> 
     </span>
     <span class='ocr_line' id='line_1_59' title="bbox 1041 3127 1845 3202; baseline 0.01 -24"><span class='ocrx_word' id='word_1_462' title='bbox 1041 3127 1205 3180; x_wconf 79' lang='lat' dir='ltr'><strong>vernaculum</strong></span> <span class='ocrx_word' id='word_1_463' title='bbox 1216 3137 1312 3197; x_wconf 81' lang='lat' dir='ltr'><strong>septem</strong></span> <span class='ocrx_word' id='word_1_464' title='bbox 1324 3130 1428 3185; x_wconf 85' lang='lat' dir='ltr'><strong>collium</strong></span> <span class='ocrx_word' id='word_1_465' title='bbox 1443 3131 1541 3202; x_wconf 77' lang='lat' dir='ltr'><strong>plebem</strong></span> <span class='ocrx_word' id='word_1_466' title='bbox 1560 3133 1681 3187; x_wconf 79' lang='lat' dir='ltr'><strong>coneraio</strong></span> <span class='ocrx_word' id='word_1_467' title='bbox 1690 3148 1700 3198; x_wconf 92' lang='lat'><strong>,·</strong></span> <span class='ocrx_word' id='word_1_468' title='bbox 1716 3149 1750 3186; x_wconf 89' lang='lat' dir='ltr'><strong>rur</strong></span> <span class='ocrx_word' id='word_1_469' title='bbox 1767 3133 1845 3188; x_wconf 82' lang='lat' dir='ltr'><strong>oiicrar</strong></span> 
     </span>
    </p>
   </div>
   <div class='ocr_carea' id='block_1_8' title="bbox 179 3203 1848 3302">
    <p class='ocr_par' dir='ltr' id='par_1_9' title="bbox 179 3203 1848 3302">
     <span class='ocr_line' id='line_1_60' title="bbox 179 3203 1848 3302; baseline 0.01 -24"><span class='ocrx_word' id='word_1_470' title='bbox 179 3232 306 3279; x_wconf 91' lang='lat' dir='ltr'><strong>tuuutur</strong></span> <span class='ocrx_word' id='word_1_471' title='bbox 319 3225 494 3298; x_wconf 74' lang='lat' dir='ltr'><strong>exiruetatis</strong></span> <span class='ocrx_word' id='word_1_472' title='bbox 504 3225 703 3296; x_wconf 78' lang='lat' dir='ltr'><strong>Terruerunt,</strong></span> <span class='ocrx_word' id='word_1_473' title='bbox 716 3243 730 3283; x_wconf 87' lang='lat' dir='ltr'><strong>a</strong></span> <span class='ocrx_word' id='word_1_474' title='bbox 745 3244 798 3301; x_wconf 77' lang='lat' dir='ltr'><strong>quo</strong></span> <span class='ocrx_word' id='word_1_475' title='bbox 810 3245 881 3286; x_wconf 87' lang='lat' dir='ltr'><strong>auaro</strong></span> <span class='ocrx_word' id='word_1_476' title='bbox 896 3203 1024 3302; x_wconf 67' lang='lat' dir='ltr'><strong>(riarumC</strong></span> <span class='ocrx_word' id='word_1_477' title='bbox 1042 3214 1139 3272; x_wconf 62' lang='lat' dir='ltr'><strong>cmi</strong></span> <span class='ocrx_word' id='word_1_478' title='bbox 1151 3233 1198 3273; x_wconf 78' lang='lat'><strong>⁸¹⁴⁰</strong></span> <span class='ocrx_word' id='word_1_479' title='bbox 1209 3229 1298 3288; x_wconf 61' lang='lat' dir='ltr'><strong>imm</strong></span> <span class='ocrx_word' id='word_1_480' title='bbox 1316 3220 1364 3275; x_wconf 70' lang='lat'><strong>⁵¹¹⁰</strong></span> <span class='ocrx_word' id='word_1_481' title='bbox 1381 3221 1469 3294; x_wconf 61' lang='lat' dir='ltr'><strong>&#39;melfi</strong></span> <span class='ocrx_word' id='word_1_482' title='bbox 1486 3223 1604 3278; x_wconf 61' lang='lat' dir='ltr'><strong>mmmm</strong></span> <span class='ocrx_word' id='word_1_483' title='bbox 1614 3223 1628 3279; x_wconf 80' lang='lat'><strong>·⁹</strong></span> <span class='ocrx_word' id='word_1_484' title='bbox 1640 3223 1722 3280; x_wconf 52' lang='lat' dir='ltr'><strong>Tell&amp;</strong></span> <span class='ocrx_word' id='word_1_485' title='bbox 1745 3236 1782 3280; x_wconf 67' lang='lat'><strong>²⁸²</strong></span> <span class='ocrx_word' id='word_1_486' title='bbox 1798 3223 1827 3279; x_wconf 66' lang='lat' dir='ltr'><strong>Ti</strong></span> <span class='ocrx_word' id='word_1_487' title='bbox 1844 3276 1848 3283; x_wconf 83' lang='lat'><strong>·</strong></span> 
     </span>
    </p>
   </div>
   <div class='ocr_carea' id='block_1_9' title="bbox 176 3315 988 4044">
    <p class='ocr_par' dir='ltr' id='par_1_10' title="bbox 176 3315 988 4044">
     <span class='ocr_line' id='line_1_61' title="bbox 176 3315 988 3400; baseline 0.009 -29"><span class='ocrx_word' id='word_1_488' title='bbox 176 3315 398 3372; x_wconf 80' lang='lat' dir='ltr'><strong>climacterioum</strong></span> <span class='ocrx_word' id='word_1_489' title='bbox 423 3318 661 3400; x_wconf 30' lang='lat' dir='ltr'><strong>vocant‘lledrci)</strong></span> <span class='ocrx_word' id='word_1_490' title='bbox 683 3319 820 3391; x_wconf 89' lang='lat' dir='ltr'><strong>decrepita</strong></span> <span class='ocrx_word' id='word_1_491' title='bbox 843 3335 927 3387; x_wconf 79' lang='lat' dir='ltr'><strong>atas,</strong></span> <span class='ocrx_word' id='word_1_492' title='bbox 954 3325 988 3379; x_wconf 83' lang='lat' dir='ltr'><strong>aul</strong></span> 
     </span>
     <span class='ocr_line' id='line_1_62' title="bbox 176 3409 986 3488; baseline 0.019 -31"><span class='ocrx_word' id='word_1_493' title='bbox 176 3421 267 3478; x_wconf 81' lang='lat' dir='ltr'><strong>quam</strong></span> <span class='ocrx_word' id='word_1_494' title='bbox 284 3421 368 3474; x_wconf 86' lang='lat' dir='ltr'><strong>usnue</strong></span> <span class='ocrx_word' id='word_1_495' title='bbox 391 3409 473 3476; x_wconf 78' lang='lat' dir='ltr'><strong>risit,</strong></span> <span class='ocrx_word' id='word_1_496' title='bbox 486 3411 602 3466; x_wconf 85' lang='lat' dir='ltr'><strong>exordiri</strong></span> <span class='ocrx_word' id='word_1_497' title='bbox 617 3412 696 3468; x_wconf 88' lang='lat' dir='ltr'><strong>solet.</strong></span> <span class='ocrx_word' id='word_1_498' title='bbox 713 3413 764 3468; x_wconf 77' lang='lat' dir='ltr'><strong>l’ro</strong></span> <span class='ocrx_word' id='word_1_499' title='bbox 775 3429 828 3484; x_wconf 81' lang='lat' dir='ltr'><strong>quo</strong></span> <span class='ocrx_word' id='word_1_500' title='bbox 842 3414 903 3471; x_wconf 80' lang='lat' dir='ltr'><strong>sarcit</strong></span> <span class='ocrx_word' id='word_1_501' title='bbox 915 3416 986 3488; x_wconf 83' lang='lat' dir='ltr'><strong>quod</strong></span> 
     </span>
     <span class='ocr_line' id='line_1_63' title="bbox 176 3501 986 3578; baseline 0.009 -20"><span class='ocrx_word' id='word_1_502' title='bbox 176 3503 215 3558; x_wconf 89' lang='lat' dir='ltr'><strong>B.</strong></span> <span class='ocrx_word' id='word_1_503' title='bbox 230 3501 345 3558; x_wconf 89' lang='lat' dir='ltr'><strong>llicron.</strong></span> <span class='ocrx_word' id='word_1_504' title='bbox 358 3511 385 3558; x_wconf 91' lang='lat' dir='ltr'><strong>et</strong></span> <span class='ocrx_word' id='word_1_505' title='bbox 397 3502 564 3575; x_wconf 89' lang='lat' dir='ltr'><strong>Nicepirorus</strong></span> <span class='ocrx_word' id='word_1_506' title='bbox 578 3515 636 3576; x_wconf 89' lang='lat' dir='ltr'><strong>post</strong></span> <span class='ocrx_word' id='word_1_507' title='bbox 648 3507 762 3578; x_wconf 84' lang='lat' dir='ltr'><strong>mediam</strong></span> <span class='ocrx_word' id='word_1_508' title='bbox 774 3516 879 3564; x_wconf 82' lang='lat' dir='ltr'><strong>atatem</strong></span> <span class='ocrx_word' id='word_1_509' title='bbox 892 3509 918 3564; x_wconf 92' lang='lat' dir='ltr'><strong>in</strong></span> <span class='ocrx_word' id='word_1_510' title='bbox 929 3509 986 3566; x_wconf 83' lang='lat' dir='ltr'><strong>irm-</strong></span> 
     </span>
     <span class='ocr_line' id='line_1_64' title="bbox 176 3593 986 3672; baseline 0.015 -24"><span class='ocrx_word' id='word_1_511' title='bbox 176 3594 269 3649; x_wconf 87' lang='lat' dir='ltr'><strong>resim</strong></span> <span class='ocrx_word' id='word_1_512' title='bbox 283 3593 399 3650; x_wconf 84' lang='lat' dir='ltr'><strong>llantani</strong></span> <span class='ocrx_word' id='word_1_513' title='bbox 423 3595 536 3666; x_wconf 84' lang='lat' dir='ltr'><strong>lapsum</strong></span> <span class='ocrx_word' id='word_1_514' title='bbox 550 3595 669 3654; x_wconf 86' lang='lat' dir='ltr'><strong>scribunt</strong></span> <span class='ocrx_word' id='word_1_515' title='bbox 683 3640 690 3666; x_wconf 85' lang='lat'>,</span> <span class='ocrx_word' id='word_1_516' title='bbox 709 3613 805 3669; x_wconf 89' lang='lat' dir='ltr'><strong>nempe</strong></span> <span class='ocrx_word' id='word_1_517' title='bbox 819 3611 909 3656; x_wconf 88' lang='lat' dir='ltr'><strong>nostra</strong></span> <span class='ocrx_word' id='word_1_518' title='bbox 926 3603 986 3672; x_wconf 83' lang='lat' dir='ltr'><strong>quai·</strong></span> 
     </span>
     <span class='ocr_line' id='line_1_65' title="bbox 176 3686 986 3763; baseline 0.01 -22"><span class='ocrx_word' id='word_1_519' title='bbox 176 3686 245 3762; x_wconf 82' lang='lat' dir='ltr'><strong>dem</strong></span> <span class='ocrx_word' id='word_1_520' title='bbox 260 3689 394 3745; x_wconf 84' lang='lat' dir='ltr'><strong>sententia</strong></span> <span class='ocrx_word' id='word_1_521' title='bbox 408 3689 479 3758; x_wconf 89' lang='lat' dir='ltr'><strong>circa</strong></span> <span class='ocrx_word' id='word_1_522' title='bbox 492 3706 591 3745; x_wconf 92' lang='lat' dir='ltr'><strong>aunum</strong></span> <span class='ocrx_word' id='word_1_523' title='bbox 614 3691 701 3748; x_wconf 81' lang='lat' dir='ltr'><strong>culatis</strong></span> <span class='ocrx_word' id='word_1_524' title='bbox 715 3691 774 3763; x_wconf 86' lang='lat' dir='ltr'><strong>ejus</strong></span> <span class='ocrx_word' id='word_1_525' title='bbox 795 3693 986 3763; x_wconf 79' lang='lat' dir='ltr'><strong>nuinuuogesi·</strong></span> 
     </span>
     <span class='ocr_line' id='line_1_66' title="bbox 177 3781 985 3848; baseline 0.009 -13"><span class='ocrx_word' id='word_1_526' title='bbox 177 3796 260 3836; x_wconf 89' lang='lat' dir='ltr'><strong>nrum</strong></span> <span class='ocrx_word' id='word_1_527' title='bbox 285 3781 412 3848; x_wconf 84' lang='lat' dir='ltr'><strong>tertium,</strong></span> <span class='ocrx_word' id='word_1_528' title='bbox 435 3797 505 3838; x_wconf 86' lang='lat' dir='ltr'><strong>arum</strong></span> <span class='ocrx_word' id='word_1_529' title='bbox 529 3783 620 3839; x_wconf 82' lang='lat' dir='ltr'><strong>Severi</strong></span> <span class='ocrx_word' id='word_1_530' title='bbox 646 3800 690 3840; x_wconf 84' lang='lat' dir='ltr'><strong>xv.</strong></span> <span class='ocrx_word' id='word_1_531' title='bbox 716 3793 773 3840; x_wconf 91' lang='lat' dir='ltr'><strong>toto</strong></span> <span class='ocrx_word' id='word_1_532' title='bbox 797 3795 860 3840; x_wconf 87' lang='lat' dir='ltr'><strong>ante</strong></span> <span class='ocrx_word' id='word_1_533' title='bbox 884 3786 985 3842; x_wconf 87' lang='lat' dir='ltr'><strong>olritum</strong></span> 
     </span>
     <span class='ocr_line' id='line_1_67' title="bbox 176 3873 984 3945; baseline 0.01 -15"><span class='ocrx_word' id='word_1_534' title='bbox 176 3873 329 3930; x_wconf 86' lang='lat' dir='ltr'><strong>decennio.</strong></span> <span class='ocrx_word' id='word_1_535' title='bbox 343 3873 440 3930; x_wconf 79' lang='lat' dir='ltr'><strong>Verum</strong></span> <span class='ocrx_word' id='word_1_536' title='bbox 453 3875 487 3932; x_wconf 87' lang='lat' dir='ltr'><strong>de</strong></span> <span class='ocrx_word' id='word_1_537' title='bbox 500 3873 540 3931; x_wconf 92' lang='lat' dir='ltr'><strong>iris</strong></span> <span class='ocrx_word' id='word_1_538' title='bbox 556 3878 614 3945; x_wconf 89' lang='lat' dir='ltr'><strong>plus</strong></span> <span class='ocrx_word' id='word_1_539' title='bbox 628 3877 703 3932; x_wconf 87' lang='lat' dir='ltr'><strong>salis.</strong></span> <span class='ocrx_word' id='word_1_540' title='bbox 720 3877 778 3934; x_wconf 80' lang='lat' dir='ltr'><strong>iant</strong></span> <span class='ocrx_word' id='word_1_541' title='bbox 793 3876 827 3934; x_wconf 84' lang='lat' dir='ltr'><strong>ad</strong></span> <span class='ocrx_word' id='word_1_542' title='bbox 842 3877 984 3938; x_wconf 78' lang='lat' dir='ltr'><strong>Historiam</strong></span> 
     </span>
     <span class='ocr_line' id='line_1_68' title="bbox 177 3969 692 4044; baseline 0.004 -20"><span class='ocrx_word' id='word_1_543' title='bbox 177 3983 332 4044; x_wconf 78' lang='lat' dir='ltr'><strong>pergamus</strong></span> <span class='ocrx_word' id='word_1_544' title='bbox 345 3984 477 4027; x_wconf 83' lang='lat' dir='ltr'><strong>annorum</strong></span> <span class='ocrx_word' id='word_1_545' title='bbox 491 3969 596 4026; x_wconf 92' lang='lat' dir='ltr'><strong>illorum</strong></span> <span class='ocrx_word' id='word_1_546' title='bbox 611 3985 692 4027; x_wconf 82' lang='lat' dir='ltr'><strong>xstr.</strong></span> 
     </span>
    </p>
   </div>
   <div class='ocr_carea' id='block_1_10' title="bbox 450 4197 727 4258">
    <p class='ocr_par' dir='ltr' id='par_1_11' title="bbox 450 4197 727 4258">
     <span class='ocr_line' id='line_1_69' title="bbox 450 4197 727 4258; baseline 0 -2"><span class='ocrx_word' id='word_1_547' title='bbox 450 4201 528 4257; x_wconf 78' lang='lat' dir='ltr'><strong>duno</strong></span> <span class='ocrx_word' id='word_1_548' title='bbox 543 4197 569 4258; x_wconf 84' lang='lat' dir='ltr'><strong>J.</strong></span> <span class='ocrx_word' id='word_1_549' title='bbox 592 4200 622 4256; x_wconf 83' lang='lat' dir='ltr'><strong>G.</strong></span> <span class='ocrx_word' id='word_1_550' title='bbox 638 4213 727 4256; x_wconf 79' lang='lat' dir='ltr'><strong>oxori.</strong></span> 
     </span>
    </p>
   </div>
   <div class='ocr_carea' id='block_1_11' title="bbox 179 4417 985 4585">
    <p class='ocr_par' dir='ltr' id='par_1_12' title="bbox 179 4417 985 4585">
     <span class='ocr_line' id='line_1_70' title="bbox 220 4417 983 4489; baseline -0.003 -12"><span class='ocrx_word' id='word_1_551' title='bbox 220 4420 265 4477; x_wconf 89' lang='lat' dir='ltr'><strong>tu.</strong></span> <span class='ocrx_word' id='word_1_552' title='bbox 290 4421 369 4476; x_wconf 74' lang='lat' dir='ltr'><strong>Anno</strong></span> <span class='ocrx_word' id='word_1_553' title='bbox 391 4419 470 4489; x_wconf 79' lang='lat' dir='ltr'><strong>igitur</strong></span> <span class='ocrx_word' id='word_1_554' title='bbox 498 4419 602 4475; x_wconf 88' lang='lat' dir='ltr'><strong>llomiui</strong></span> <span class='ocrx_word' id='word_1_555' title='bbox 625 4435 713 4482; x_wconf 82' lang='lat' dir='ltr'><strong>excit.</strong></span> <span class='ocrx_word' id='word_1_556' title='bbox 739 4419 769 4475; x_wconf 85' lang='lat' dir='ltr'><strong>C.</strong></span> <span class='ocrx_word' id='word_1_557' title='bbox 792 4417 887 4476; x_wconf 78' lang='lat' dir='ltr'><strong>SOSlO</strong></span> <span class='ocrx_word' id='word_1_558' title='bbox 902 4419 983 4475; x_wconf 66' lang='lat' dir='ltr'><strong>mli.-</strong></span> 
     </span>
     <span class='ocr_line' id='line_1_71' title="bbox 179 4511 985 4585; baseline -0.005 -15"><span class='ocrx_word' id='word_1_559' title='bbox 179 4513 276 4570; x_wconf 72' lang='lat' dir='ltr'><strong>coxi:</strong></span> <span class='ocrx_word' id='word_1_560' title='bbox 290 4522 315 4568; x_wconf 92' lang='lat' dir='ltr'><strong>et</strong></span> <span class='ocrx_word' id='word_1_561' title='bbox 330 4511 360 4568; x_wconf 85' lang='lat' dir='ltr'><strong>C.</strong></span> <span class='ocrx_word' id='word_1_562' title='bbox 375 4511 472 4569; x_wconf 75' lang='lat' dir='ltr'><strong>totto</strong></span> <span class='ocrx_word' id='word_1_563' title='bbox 487 4511 618 4585; x_wconf 83' lang='lat' dir='ltr'><strong>EllliTll)</strong></span> <span class='ocrx_word' id='word_1_564' title='bbox 630 4511 744 4568; x_wconf 66' lang='lat' dir='ltr'><strong>(limito</strong></span> <span class='ocrx_word' id='word_1_565' title='bbox 757 4511 840 4568; x_wconf 68' lang='lat' dir='ltr'><strong>coss</strong></span> <span class='ocrx_word' id='word_1_566' title='bbox 860 4512 985 4569; x_wconf 88' lang='lat' dir='ltr'><strong>S.lliero·</strong></span> 
     </span>
    </p>
   </div>
   <div class='ocr_carea' id='block_1_12' title="bbox 169 4699 982 5892">
    <p class='ocr_par' dir='ltr' id='par_1_13' title="bbox 169 4699 982 5892">
     <span class='ocr_line' id='line_1_72' title="bbox 180 4699 982 4784; baseline -0.006 -25"><span class='ocrx_word' id='word_1_567' title='bbox 180 4702 255 4759; x_wconf 63' lang='lat' dir='ltr'><strong>Cass.</strong></span> <span class='ocrx_word' id='word_1_568' title='bbox 276 4701 309 4757; x_wconf 89' lang='lat'><strong>1..</strong></span> <span class='ocrx_word' id='word_1_569' title='bbox 338 4701 458 4771; x_wconf 87' lang='lat' dir='ltr'><strong>Septimii</strong></span> <span class='ocrx_word' id='word_1_570' title='bbox 480 4699 564 4756; x_wconf 73' lang='lat' dir='ltr'><strong>tte.</strong></span> <span class='ocrx_word' id='word_1_571' title='bbox 584 4699 661 4764; x_wconf 76' lang='lat' dir='ltr'><strong>atri,</strong></span> <span class='ocrx_word' id='word_1_572' title='bbox 691 4699 721 4756; x_wconf 83' lang='lat' dir='ltr'><strong>P.</strong></span> <span class='ocrx_word' id='word_1_573' title='bbox 746 4699 893 4784; x_wconf 82' lang='lat' dir='ltr'><strong>Pertinacis</strong></span> <span class='ocrx_word' id='word_1_574' title='bbox 928 4701 982 4755; x_wconf 77' lang='lat' dir='ltr'><strong>du·</strong></span> 
     </span>
     <span class='ocr_line' id='line_1_73' title="bbox 181 4794 981 4865; baseline 0.001 -17"><span class='ocrx_word' id='word_1_575' title='bbox 181 4795 255 4865; x_wconf 74' lang='lat' dir='ltr'><strong>gusti</strong></span> <span class='ocrx_word' id='word_1_576' title='bbox 265 4809 336 4850; x_wconf 85' lang='lat' dir='ltr'><strong>aurio</strong></span> <span class='ocrx_word' id='word_1_577' title='bbox 351 4811 369 4851; x_wconf 91' lang='lat' dir='ltr'><strong>r.</strong></span> <span class='ocrx_word' id='word_1_578' title='bbox 382 4794 586 4851; x_wconf 81' lang='lat' dir='ltr'><strong>Tnnruuumuus</strong></span> <span class='ocrx_word' id='word_1_579' title='bbox 603 4794 689 4850; x_wconf 85' lang='lat' dir='ltr'><strong>arllurc</strong></span> <span class='ocrx_word' id='word_1_580' title='bbox 707 4795 830 4850; x_wconf 89' lang='lat' dir='ltr'><strong>ctlrnicus</strong></span> <span class='ocrx_word' id='word_1_581' title='bbox 840 4809 981 4851; x_wconf 90' lang='lat' dir='ltr'><strong>causarum</strong></span> 
     </span>
     <span class='ocr_line' id='line_1_74' title="bbox 182 4867 982 4960; baseline 0.001 -20"><span class='ocrx_word' id='word_1_582' title='bbox 182 4867 327 4956; x_wconf 87' lang='lat' dir='ltr'><strong>patronum</strong></span> <span class='ocrx_word' id='word_1_583' title='bbox 344 4888 438 4959; x_wconf 80' lang='lat' dir='ltr'><strong>agebat</strong></span> <span class='ocrx_word' id='word_1_584' title='bbox 450 4887 615 4958; x_wconf 75' lang='lat' dir='ltr'><strong>Carthagine</strong></span> <span class='ocrx_word' id='word_1_585' title='bbox 631 4906 637 4950; x_wconf 88' lang='lat'>;</span> <span class='ocrx_word' id='word_1_586' title='bbox 654 4888 724 4960; x_wconf 82' lang='lat' dir='ltr'><strong>qarod</strong></span> <span class='ocrx_word' id='word_1_587' title='bbox 738 4888 927 4956; x_wconf 86' lang='lat' dir='ltr'><strong>comprobatur</strong></span> <span class='ocrx_word' id='word_1_588' title='bbox 940 4887 982 4942; x_wconf 92' lang='lat' dir='ltr'><strong>iris</strong></span> 
     </span>
     <span class='ocr_line' id='line_1_75' title="bbox 182 4979 982 5052; baseline 0.001 -17"><span class='ocrx_word' id='word_1_589' title='bbox 182 4979 269 5052; x_wconf 86' lang='lat' dir='ltr'><strong>ipsius</strong></span> <span class='ocrx_word' id='word_1_590' title='bbox 282 4980 372 5037; x_wconf 86' lang='lat' dir='ltr'><strong>rerlris</strong></span> <span class='ocrx_word' id='word_1_591' title='bbox 386 4996 445 5051; x_wconf 82' lang='lat' dir='ltr'><strong>num</strong></span> <span class='ocrx_word' id='word_1_592' title='bbox 470 4982 520 5036; x_wconf 87' lang='lat' dir='ltr'><strong>sulr</strong></span> <span class='ocrx_word' id='word_1_593' title='bbox 536 4981 610 5036; x_wconf 83' lang='lat' dir='ltr'><strong>Pallii</strong></span> <span class='ocrx_word' id='word_1_594' title='bbox 627 4983 747 5051; x_wconf 84' lang='lat' dir='ltr'><strong>‚pc&#39;rsoua</strong></span> <span class='ocrx_word' id='word_1_595' title='bbox 767 4981 801 5036; x_wconf 89' lang='lat' dir='ltr'><strong>de</strong></span> <span class='ocrx_word' id='word_1_596' title='bbox 823 4994 852 5036; x_wconf 85' lang='lat' dir='ltr'><strong>so</strong></span> <span class='ocrx_word' id='word_1_597' title='bbox 876 4982 982 5051; x_wconf 85' lang='lat' dir='ltr'><strong>ser-ipsit</strong></span> 
     </span>
     <span class='ocr_line' id='line_1_76' title="bbox 179 5071 980 5146; baseline 0.006 -21"><span class='ocrx_word' id='word_1_598' title='bbox 179 5073 238 5144; x_wconf 84' lang='lat' dir='ltr'><strong>jam</strong></span> <span class='ocrx_word' id='word_1_599' title='bbox 266 5071 436 5128; x_wconf 81' lang='lat' dir='ltr'><strong>Cirrislianris</strong></span> <span class='ocrx_word' id='word_1_600' title='bbox 461 5072 547 5129; x_wconf 81' lang='lat' dir='ltr'><strong>iricius</strong></span> <span class='ocrx_word' id='word_1_601' title='bbox 568 5091 576 5130; x_wconf 92' lang='lat'>:</span> <span class='ocrx_word' id='word_1_602' title='bbox 596 5073 672 5146; x_wconf 76' lang='lat' dir='ltr'><strong>Epo,</strong></span> <span class='ocrx_word' id='word_1_603' title='bbox 698 5075 799 5145; x_wconf 79' lang='lat' dir='ltr'><strong>irreptit¹</strong></span> <span class='ocrx_word' id='word_1_604' title='bbox 818 5074 883 5129; x_wconf 87' lang='lat' dir='ltr'><strong>rriirii</strong></span> <span class='ocrx_word' id='word_1_605' title='bbox 906 5077 980 5145; x_wconf 75' lang='lat' dir='ltr'><strong>foro,</strong></span> 
     </span>
     <span class='ocr_line' id='line_1_77' title="bbox 181 5165 980 5239; baseline 0.004 -19"><span class='ocrx_word' id='word_1_606' title='bbox 181 5167 248 5221; x_wconf 84' lang='lat' dir='ltr'><strong>rriiril</strong></span> <span class='ocrx_word' id='word_1_607' title='bbox 264 5182 372 5236; x_wconf 85' lang='lat' dir='ltr'><strong>rumpo,</strong></span> <span class='ocrx_word' id='word_1_608' title='bbox 387 5167 452 5222; x_wconf 87' lang='lat' dir='ltr'><strong>uiiril</strong></span> <span class='ocrx_word' id='word_1_609' title='bbox 469 5167 548 5222; x_wconf 79' lang='lat' dir='ltr'><strong>curie</strong></span> <span class='ocrx_word' id='word_1_610' title='bbox 565 5167 657 5232; x_wconf 84' lang='lat' dir='ltr'><strong>dcirco,</strong></span> <span class='ocrx_word' id='word_1_611' title='bbox 674 5165 739 5220; x_wconf 86' lang='lat' dir='ltr'><strong>ailril</strong></span> <span class='ocrx_word' id='word_1_612' title='bbox 753 5167 834 5238; x_wconf 76' lang='lat' dir='ltr'><strong>officio</strong></span> <span class='ocrx_word' id='word_1_613' title='bbox 853 5167 980 5239; x_wconf 77' lang='lat' dir='ltr'><strong>oduipiio,</strong></span> 
     </span>
     <span class='ocr_line' id='line_1_78' title="bbox 180 5258 980 5330; baseline 0.003 -17"><span class='ocrx_word' id='word_1_614' title='bbox 180 5258 256 5314; x_wconf 85' lang='lat' dir='ltr'><strong>nulio</strong></span> <span class='ocrx_word' id='word_1_615' title='bbox 275 5267 360 5312; x_wconf 86' lang='lat' dir='ltr'><strong>rostro</strong></span> <span class='ocrx_word' id='word_1_616' title='bbox 373 5275 541 5330; x_wconf 77' lang='lat' dir='ltr'><strong>preoccupa,</strong></span> <span class='ocrx_word' id='word_1_617' title='bbox 556 5259 628 5314; x_wconf 85' lang='lat' dir='ltr'><strong>trullo</strong></span> <span class='ocrx_word' id='word_1_618' title='bbox 650 5259 770 5327; x_wconf 81' lang='lat' dir='ltr'><strong>pretorio</strong></span> <span class='ocrx_word' id='word_1_619' title='bbox 783 5259 901 5325; x_wconf 77' lang='lat' dir='ltr'><strong>oirre&#39;ruo.</strong></span> <span class='ocrx_word' id='word_1_620' title='bbox 917 5276 980 5315; x_wconf 85' lang='lat' dir='ltr'><strong>eart-</strong></span> 
     </span>
     <span class='ocr_line' id='line_1_79' title="bbox 178 5350 982 5419; baseline 0.005 -13"><span class='ocrx_word' id='word_1_621' title='bbox 178 5351 259 5408; x_wconf 83' lang='lat' dir='ltr'><strong>eeiiot</strong></span> <span class='ocrx_word' id='word_1_622' title='bbox 284 5367 336 5405; x_wconf 89' lang='lat' dir='ltr'><strong>rrorr</strong></span> <span class='ocrx_word' id='word_1_623' title='bbox 359 5350 455 5419; x_wconf 85' lang='lat' dir='ltr'><strong>odoro,</strong></span> <span class='ocrx_word' id='word_1_624' title='bbox 471 5351 591 5406; x_wconf 83' lang='lat' dir='ltr'><strong>rariseliio</strong></span> <span class='ocrx_word' id='word_1_625' title='bbox 614 5368 664 5406; x_wconf 90' lang='lat' dir='ltr'><strong>uon</strong></span> <span class='ocrx_word' id='word_1_626' title='bbox 687 5353 909 5418; x_wconf 76' lang='lat' dir='ltr'><strong>eorrtrrrrda,lrtr·u</strong></span> <span class='ocrx_word' id='word_1_627' title='bbox 931 5371 982 5410; x_wconf 87' lang='lat' dir='ltr'><strong>rrorr</strong></span> 
     </span>
     <span class='ocr_line' id='line_1_80' title="bbox 177 5444 979 5518; baseline 0 -16"><span class='ocrx_word' id='word_1_628' title='bbox 177 5444 320 5509; x_wconf 74' lang='lat' dir='ltr'><strong>conluuio,</strong></span> <span class='ocrx_word' id='word_1_629' title='bbox 332 5461 423 5500; x_wconf 79' lang='lat' dir='ltr'><strong>causor</strong></span> <span class='ocrx_word' id='word_1_630' title='bbox 442 5456 492 5500; x_wconf 84' lang='lat' dir='ltr'><strong>noir</strong></span> <span class='ocrx_word' id='word_1_631' title='bbox 513 5445 604 5502; x_wconf 87' lang='lat' dir='ltr'><strong>elotro.</strong></span> <span class='ocrx_word' id='word_1_632' title='bbox 629 5444 694 5500; x_wconf 84' lang='lat' dir='ltr'><strong>Plus</strong></span> <span class='ocrx_word' id='word_1_633' title='bbox 707 5456 772 5516; x_wconf 81' lang='lat' dir='ltr'><strong>iope</strong></span> <span class='ocrx_word' id='word_1_634' title='bbox 786 5447 873 5502; x_wconf 85' lang='lat' dir='ltr'><strong>lrrrere</strong></span> <span class='ocrx_word' id='word_1_635' title='bbox 889 5447 979 5518; x_wconf 85' lang='lat' dir='ltr'><strong>llerup.</strong></span> 
     </span>
     <span class='ocr_line' id='line_1_81' title="bbox 175 5527 982 5613; baseline 0.005 -16"><span class='ocrx_word' id='word_1_636' title='bbox 175 5527 256 5613; x_wconf 81' lang='lat' dir='ltr'><strong>quom</strong></span> <span class='ocrx_word' id='word_1_637' title='bbox 268 5539 358 5594; x_wconf 84' lang='lat' dir='ltr'><strong>lorice</strong></span> <span class='ocrx_word' id='word_1_638' title='bbox 368 5539 416 5607; x_wconf 86' lang='lat' dir='ltr'><strong>(lle</strong></span> <span class='ocrx_word' id='word_1_639' title='bbox 429 5538 499 5596; x_wconf 88' lang='lat' dir='ltr'><strong>Pell.</strong></span> <span class='ocrx_word' id='word_1_640' title='bbox 515 5557 537 5596; x_wconf 87' lang='lat' dir='ltr'><strong>e.</strong></span> <span class='ocrx_word' id='word_1_641' title='bbox 548 5541 599 5610; x_wconf 86' lang='lat'><strong>5.).</strong></span> <span class='ocrx_word' id='word_1_642' title='bbox 612 5541 691 5598; x_wconf 86' lang='lat' dir='ltr'><strong>Certe</strong></span> <span class='ocrx_word' id='word_1_643' title='bbox 706 5540 843 5598; x_wconf 90' lang='lat' dir='ltr'><strong>ctlmicum</strong></span> <span class='ocrx_word' id='word_1_644' title='bbox 856 5557 885 5598; x_wconf 90' lang='lat' dir='ltr'><strong>se</strong></span> <span class='ocrx_word' id='word_1_645' title='bbox 900 5543 982 5601; x_wconf 84' lang='lat' dir='ltr'><strong>iuuisse</strong></span> 
     </span>
     <span class='ocr_line' id='line_1_82' title="bbox 174 5630 982 5706; baseline 0.002 -16"><span class='ocrx_word' id='word_1_646' title='bbox 174 5633 239 5704; x_wconf 86' lang='lat' dir='ltr'><strong>ipse</strong></span> <span class='ocrx_word' id='word_1_647' title='bbox 254 5630 366 5693; x_wconf 82' lang='lat' dir='ltr'><strong>latetur.</strong></span> <span class='ocrx_word' id='word_1_648' title='bbox 380 5645 461 5700; x_wconf 78' lang='lat' dir='ltr'><strong>agens</strong></span> <span class='ocrx_word' id='word_1_649' title='bbox 473 5632 507 5688; x_wconf 89' lang='lat' dir='ltr'><strong>de</strong></span> <span class='ocrx_word' id='word_1_650' title='bbox 526 5633 627 5703; x_wconf 86' lang='lat' dir='ltr'><strong>judicio</strong></span> <span class='ocrx_word' id='word_1_651' title='bbox 647 5641 769 5690; x_wconf 86' lang='lat' dir='ltr'><strong>extremo</strong></span> <span class='ocrx_word' id='word_1_652' title='bbox 781 5674 788 5696; x_wconf 88' lang='lat'>‚</span> <span class='ocrx_word' id='word_1_653' title='bbox 801 5634 854 5688; x_wconf 84' lang='lat' dir='ltr'><strong>rita</strong></span> <span class='ocrx_word' id='word_1_654' title='bbox 879 5643 908 5690; x_wconf 92' lang='lat' dir='ltr'><strong>et</strong></span> <span class='ocrx_word' id='word_1_655' title='bbox 923 5635 982 5706; x_wconf 75' lang='lat' dir='ltr'><strong>igne</strong></span> 
     </span>
     <span class='ocr_line' id='line_1_83' title="bbox 173 5721 980 5796; baseline 0 -14"><span class='ocrx_word' id='word_1_656' title='bbox 173 5722 313 5786; x_wconf 72' lang='lat' dir='ltr'><strong>eternis,</strong></span> <span class='ocrx_word' id='word_1_657' title='bbox 327 5730 354 5776; x_wconf 89' lang='lat' dir='ltr'><strong>et</strong></span> <span class='ocrx_word' id='word_1_658' title='bbox 363 5721 538 5780; x_wconf 87' lang='lat' dir='ltr'><strong>suscitatione</strong></span> <span class='ocrx_word' id='word_1_659' title='bbox 550 5723 738 5782; x_wconf 80' lang='lat' dir='ltr'><strong>detunctorum</strong></span> <span class='ocrx_word' id='word_1_660' title='bbox 754 5742 761 5780; x_wconf 94' lang='lat'>:</span> <span class='ocrx_word' id='word_1_661' title='bbox 779 5723 859 5791; x_wconf 82' lang='lat' dir='ltr'><strong>llice,</strong></span> <span class='ocrx_word' id='word_1_662' title='bbox 875 5725 980 5796; x_wconf 80' lang='lat' dir='ltr'><strong>innuit,</strong></span> 
     </span>
     <span class='ocr_line' id='line_1_84' title="bbox 169 5809 982 5892; baseline 0.004 -18"><span class='ocrx_word' id='word_1_663' title='bbox 169 5828 198 5874; x_wconf 87' lang='lat' dir='ltr'><strong>et</strong></span> <span class='ocrx_word' id='word_1_664' title='bbox 213 5831 267 5872; x_wconf 80' lang='lat' dir='ltr'><strong>nor</strong></span> <span class='ocrx_word' id='word_1_665' title='bbox 279 5813 382 5870; x_wconf 72' lang='lat' dir='ltr'><strong>rimrrut</strong></span> <span class='ocrx_word' id='word_1_666' title='bbox 392 5815 547 5889; x_wconf 75' lang='lat' dir='ltr'><strong>aliquando,</strong></span> <span class='ocrx_word' id='word_1_667' title='bbox 560 5818 592 5876; x_wconf 85' lang='lat' dir='ltr'><strong>de</strong></span> <span class='ocrx_word' id='word_1_668' title='bbox 602 5821 688 5876; x_wconf 76' lang='lat' dir='ltr'><strong>restris</strong></span> <span class='ocrx_word' id='word_1_669' title='bbox 699 5821 803 5892; x_wconf 73' lang='lat' dir='ltr'><strong>fruimur.</strong></span> <span class='ocrx_word' id='word_1_670' title='bbox 819 5809 917 5891; x_wconf 76' lang='lat' dir='ltr'><strong>erait,</strong></span> <span class='ocrx_word' id='word_1_671' title='bbox 931 5837 982 5879; x_wconf 87' lang='lat' dir='ltr'><strong>aon</strong></span> 
     </span>
    </p>
   </div>
   <div class='ocr_carea' id='block_1_13' title="bbox 1038 3309 1842 4498">
    <p class='ocr_par' dir='ltr' id='par_1_14' title="bbox 1038 3309 1842 4498">
     <span class='ocr_line' id='line_1_85' title="bbox 1040 3309 1840 3387; baseline 0.011 -24"><span class='ocrx_word' id='word_1_672' title='bbox 1040 3309 1126 3375; x_wconf 80' lang='lat' dir='ltr'><strong>ieris,</strong></span> <span class='ocrx_word' id='word_1_673' title='bbox 1140 3321 1164 3366; x_wconf 86' lang='lat' dir='ltr'><strong>et</strong></span> <span class='ocrx_word' id='word_1_674' title='bbox 1174 3313 1270 3368; x_wconf 81' lang='lat' dir='ltr'><strong>sriroioe</strong></span> <span class='ocrx_word' id='word_1_675' title='bbox 1284 3314 1430 3370; x_wconf 76' lang='lat' dir='ltr'><strong>bestiarum.</strong></span> <span class='ocrx_word' id='word_1_676' title='bbox 1444 3314 1505 3371; x_wconf 78' lang='lat' dir='ltr'><strong>dom</strong></span> <span class='ocrx_word' id='word_1_677' title='bbox 1524 3319 1547 3371; x_wconf 87' lang='lat' dir='ltr'><strong>si</strong></span> <span class='ocrx_word' id='word_1_678' title='bbox 1557 3318 1700 3387; x_wconf 81' lang='lat' dir='ltr'><strong>pectoribus</strong></span> <span class='ocrx_word' id='word_1_679' title='bbox 1712 3319 1746 3372; x_wconf 85' lang='lat' dir='ltr'><strong>od</strong></span> <span class='ocrx_word' id='word_1_680' title='bbox 1756 3328 1840 3374; x_wconf 87' lang='lat' dir='ltr'><strong>troar-</strong></span> 
     </span>
     <span class='ocr_line' id='line_1_86' title="bbox 1041 3402 1825 3476; baseline 0.009 -19"><span class='ocrx_word' id='word_1_681' title='bbox 1041 3402 1177 3476; x_wconf 82' lang='lat' dir='ltr'><strong>iteradum</strong></span> <span class='ocrx_word' id='word_1_682' title='bbox 1195 3405 1334 3473; x_wconf 79' lang='lat' dir='ltr'><strong>qrrnrrrdorrr</strong></span> <span class='ocrx_word' id='word_1_683' title='bbox 1352 3406 1511 3476; x_wconf 82' lang='lat' dir='ltr'><strong>specularem</strong></span> <span class='ocrx_word' id='word_1_684' title='bbox 1530 3408 1662 3462; x_wconf 75' lang='lat' dir='ltr'><strong>uretuiuru</strong></span> <span class='ocrx_word' id='word_1_685' title='bbox 1683 3418 1776 3463; x_wconf 83' lang='lat' dir='ltr'><strong>nutura</strong></span> <span class='ocrx_word' id='word_1_686' title='bbox 1794 3409 1825 3464; x_wconf 77' lang='lat' dir='ltr'><strong>oli</strong></span> 
     </span>
     <span class='ocr_line' id='line_1_87' title="bbox 1042 3496 1841 3575; baseline 0.008 -24"><span class='ocrx_word' id='word_1_687' title='bbox 1042 3496 1173 3562; x_wconf 80' lang='lat' dir='ltr'><strong>duxisset,</strong></span> <span class='ocrx_word' id='word_1_688' title='bbox 1190 3499 1267 3560; x_wconf 82' lang='lat' dir='ltr'><strong>cuirrr</strong></span> <span class='ocrx_word' id='word_1_689' title='bbox 1281 3515 1333 3554; x_wconf 84' lang='lat' dir='ltr'><strong>noa</strong></span> <span class='ocrx_word' id='word_1_690' title='bbox 1349 3503 1491 3570; x_wconf 82' lang='lat' dir='ltr'><strong>precordia</strong></span> <span class='ocrx_word' id='word_1_691' title='bbox 1505 3503 1633 3572; x_wconf 83' lang='lat' dir='ltr'><strong>insculpto</strong></span> <span class='ocrx_word' id='word_1_692' title='bbox 1647 3513 1772 3575; x_wconf 82' lang='lat' dir='ltr'><strong>apparent</strong></span> <span class='ocrx_word' id='word_1_693' title='bbox 1784 3509 1841 3560; x_wconf 88' lang='lat' dir='ltr'><strong>uoci</strong></span> 
     </span>
     <span class='ocr_line' id='line_1_88' title="bbox 1039 3587 1839 3669; baseline 0.016 -27"><span class='ocrx_word' id='word_1_694' title='bbox 1039 3604 1070 3642; x_wconf 88' lang='lat' dir='ltr'><strong>oe</strong></span> <span class='ocrx_word' id='word_1_695' title='bbox 1084 3590 1144 3643; x_wconf 91' lang='lat' dir='ltr'><strong>uooi</strong></span> <span class='ocrx_word' id='word_1_696' title='bbox 1169 3587 1279 3645; x_wconf 80' lang='lat' dir='ltr'><strong>Cetaria</strong></span> <span class='ocrx_word' id='word_1_697' title='bbox 1307 3608 1409 3647; x_wconf 79' lang='lat' dir='ltr'><strong>suerrum</strong></span> <span class='ocrx_word' id='word_1_698' title='bbox 1438 3593 1574 3666; x_wconf 77' lang='lat' dir='ltr'><strong>Conpiorio</strong></span> <span class='ocrx_word' id='word_1_699' title='bbox 1596 3595 1839 3669; x_wconf 80' lang='lat' dir='ltr'><strong>diuiriurrdoprtctt&#39;·</strong></span> 
     </span>
     <span class='ocr_line' id='line_1_89' title="bbox 1039 3684 1841 3756; baseline 0.011 -20"><span class='ocrx_word' id='word_1_700' title='bbox 1039 3684 1124 3738; x_wconf 82' lang='lat' dir='ltr'><strong>dentis</strong></span> <span class='ocrx_word' id='word_1_701' title='bbox 1156 3684 1234 3739; x_wconf 87' lang='lat' dir='ltr'><strong>etiam</strong></span> <span class='ocrx_word' id='word_1_702' title='bbox 1262 3685 1309 3740; x_wconf 88' lang='lat' dir='ltr'><strong>ilio</strong></span> <span class='ocrx_word' id='word_1_703' title='bbox 1332 3685 1414 3746; x_wconf 85' lang='lat' dir='ltr'><strong>itero.</strong></span> <span class='ocrx_word' id='word_1_704' title='bbox 1428 3703 1480 3756; x_wconf 84' lang='lat' dir='ltr'><strong>qrro</strong></span> <span class='ocrx_word' id='word_1_705' title='bbox 1496 3687 1639 3743; x_wconf 87' lang='lat' dir='ltr'><strong>uccimrrurrt</strong></span> <span class='ocrx_word' id='word_1_706' title='bbox 1657 3704 1668 3745; x_wconf 92' lang='lat'><strong>.·</strong></span> <span class='ocrx_word' id='word_1_707' title='bbox 1693 3689 1731 3745; x_wconf 84' lang='lat' dir='ltr'><strong>De</strong></span> <span class='ocrx_word' id='word_1_708' title='bbox 1749 3693 1841 3746; x_wconf 80' lang='lat' dir='ltr'><strong>uostris</strong></span> 
     </span>
     <span class='ocr_line' id='line_1_90' title="bbox 1039 3765 1842 3852; baseline 0.017 -23"><span class='ocrx_word' id='word_1_709' title='bbox 1039 3765 1115 3831; x_wconf 81' lang='lat' dir='ltr'><strong>ortuis</strong></span> <span class='ocrx_word' id='word_1_710' title='bbox 1126 3776 1173 3831; x_wconf 80' lang='lat' dir='ltr'><strong>ribi</strong></span> <span class='ocrx_word' id='word_1_711' title='bbox 1183 3776 1287 3844; x_wconf 79' lang='lat' dir='ltr'><strong>Jupiter</strong></span> <span class='ocrx_word' id='word_1_712' title='bbox 1297 3790 1390 3852; x_wconf 79' lang='lat' dir='ltr'><strong>aripert</strong></span> <span class='ocrx_word' id='word_1_713' title='bbox 1402 3781 1498 3835; x_wconf 85' lang='lat' dir='ltr'><strong>curros?</strong></span> <span class='ocrx_word' id='word_1_714' title='bbox 1509 3780 1566 3837; x_wconf 91' lang='lat' dir='ltr'><strong>iloc</strong></span> <span class='ocrx_word' id='word_1_715' title='bbox 1575 3781 1647 3837; x_wconf 90' lang='lat' dir='ltr'><strong>enim</strong></span> <span class='ocrx_word' id='word_1_716' title='bbox 1659 3782 1778 3840; x_wconf 88' lang='lat' dir='ltr'><strong>indicant</strong></span> <span class='ocrx_word' id='word_1_717' title='bbox 1789 3784 1842 3842; x_wconf 85' lang='lat' dir='ltr'><strong>lie-</strong></span> 
     </span>
     <span class='ocr_line' id='line_1_91' title="bbox 1040 3851 1838 3953; baseline 0.016 -33"><span class='ocrx_word' id='word_1_718' title='bbox 1040 3851 1169 3923; x_wconf 83' lang='lat' dir='ltr'><strong>iorlianus</strong></span> <span class='ocrx_word' id='word_1_719' title='bbox 1194 3871 1212 3924; x_wconf 92' lang='lat' dir='ltr'><strong>l.</strong></span> <span class='ocrx_word' id='word_1_720' title='bbox 1229 3871 1256 3926; x_wconf 77' lang='lat'><strong>2.</strong></span> <span class='ocrx_word' id='word_1_721' title='bbox 1274 3872 1344 3928; x_wconf 92' lang='lat' dir='ltr'><strong>intcr</strong></span> <span class='ocrx_word' id='word_1_722' title='bbox 1369 3884 1468 3930; x_wconf 65' lang='lat' dir='ltr'><strong>caetera</strong></span> <span class='ocrx_word' id='word_1_723' title='bbox 1482 3874 1605 3930; x_wconf 89' lang='lat' dir='ltr'><strong>scrilrcus</strong></span> <span class='ocrx_word' id='word_1_724' title='bbox 1624 3874 1722 3953; x_wconf 78' lang='lat' dir='ltr'><strong>Milites</strong></span> <span class='ocrx_word' id='word_1_725' title='bbox 1736 3876 1838 3934; x_wconf 78' lang='lat' dir='ltr'><strong>erata-</strong></span> 
     </span>
     <span class='ocr_line' id='line_1_92' title="bbox 1039 3959 1839 4041; baseline 0.011 -25"><span class='ocrx_word' id='word_1_726' title='bbox 1039 3959 1131 4016; x_wconf 76' lang='lat' dir='ltr'><strong>rianos</strong></span> <span class='ocrx_word' id='word_1_727' title='bbox 1144 3962 1245 4018; x_wconf 89' lang='lat' dir='ltr'><strong>relictis</strong></span> <span class='ocrx_word' id='word_1_728' title='bbox 1255 3964 1338 4019; x_wconf 91' lang='lat' dir='ltr'><strong>aruris</strong></span> <span class='ocrx_word' id='word_1_729' title='bbox 1351 3980 1509 4034; x_wconf 87' lang='lat' dir='ltr'><strong>pomparum</strong></span> <span class='ocrx_word' id='word_1_730' title='bbox 1521 3966 1613 4023; x_wconf 89' lang='lat' dir='ltr'><strong>lralritu</strong></span> <span class='ocrx_word' id='word_1_731' title='bbox 1630 3967 1765 4024; x_wconf 88' lang='lat' dir='ltr'><strong>larrrcatus</strong></span> <span class='ocrx_word' id='word_1_732' title='bbox 1775 3986 1839 4041; x_wconf 92' lang='lat' dir='ltr'><strong>pro·</strong></span> 
     </span>
     <span class='ocr_line' id='line_1_93' title="bbox 1040 4044 1840 4128; baseline 0.013 -19"><span class='ocrx_word' id='word_1_733' title='bbox 1040 4053 1156 4110; x_wconf 87' lang='lat' dir='ltr'><strong>cessisse</strong></span> <span class='ocrx_word' id='word_1_734' title='bbox 1166 4071 1173 4120; x_wconf 86' lang='lat'>;</span> <span class='ocrx_word' id='word_1_735' title='bbox 1184 4063 1212 4109; x_wconf 93' lang='lat' dir='ltr'><strong>et</strong></span> <span class='ocrx_word' id='word_1_736' title='bbox 1223 4054 1381 4126; x_wconf 86' lang='lat' dir='ltr'><strong>Spartianus</strong></span> <span class='ocrx_word' id='word_1_737' title='bbox 1393 4072 1425 4113; x_wconf 92' lang='lat' dir='ltr'><strong>ac</strong></span> <span class='ocrx_word' id='word_1_738' title='bbox 1438 4056 1511 4114; x_wconf 72' lang='lat' dir='ltr'><strong>essu</strong></span> <span class='ocrx_word' id='word_1_739' title='bbox 1524 4044 1704 4128; x_wconf 84' lang='lat' dir='ltr'><strong>Consulares,</strong></span> <span class='ocrx_word' id='word_1_740' title='bbox 1717 4060 1780 4116; x_wconf 92' lang='lat' dir='ltr'><strong>dum</strong></span> <span class='ocrx_word' id='word_1_741' title='bbox 1792 4061 1840 4119; x_wconf 81' lang='lat'><strong>50.</strong></span> 
     </span>
     <span class='ocr_line' id='line_1_94' title="bbox 1038 4146 1838 4228; baseline 0.01 -28"><span class='ocrx_word' id='word_1_742' title='bbox 1038 4147 1228 4218; x_wconf 80' lang='lat' dir='ltr'><strong>postquam&#39;iu</strong></span> <span class='ocrx_word' id='word_1_743' title='bbox 1253 4146 1346 4202; x_wconf 88' lang='lat' dir='ltr'><strong>urbem</strong></span> <span class='ocrx_word' id='word_1_744' title='bbox 1369 4158 1479 4205; x_wconf 85' lang='lat' dir='ltr'><strong>uetuerat</strong></span> <span class='ocrx_word' id='word_1_745' title='bbox 1500 4149 1561 4215; x_wconf 81' lang='lat' dir='ltr'><strong>dic,</strong></span> <span class='ocrx_word' id='word_1_746' title='bbox 1578 4161 1675 4228; x_wconf 83' lang='lat' dir='ltr'><strong>crante</strong></span> <span class='ocrx_word' id='word_1_747' title='bbox 1690 4152 1761 4208; x_wconf 92' lang='lat' dir='ltr'><strong>diem</strong></span> <span class='ocrx_word' id='word_1_748' title='bbox 1777 4152 1838 4208; x_wconf 83' lang='lat' dir='ltr'><strong>Kal.</strong></span> 
     </span>
     <span class='ocr_line' id='line_1_95' title="bbox 1038 4237 1840 4309; baseline 0.004 -13"><span class='ocrx_word' id='word_1_749' title='bbox 1038 4237 1053 4296; x_wconf 83' lang='lat' dir='ltr'>J</span> <span class='ocrx_word' id='word_1_750' title='bbox 1057 4239 1091 4293; x_wconf 87' lang='lat' dir='ltr'><strong>ul.</strong></span> <span class='ocrx_word' id='word_1_751' title='bbox 1107 4237 1255 4309; x_wconf 82' lang='lat' dir='ltr'><strong>proiectum</strong></span> <span class='ocrx_word' id='word_1_752' title='bbox 1268 4241 1389 4297; x_wconf 84' lang='lat' dir='ltr'><strong>scribunt</strong></span> <span class='ocrx_word' id='word_1_753' title='bbox 1403 4240 1532 4298; x_wconf 81' lang='lat' dir='ltr'><strong>Seuerum</strong></span> <span class='ocrx_word' id='word_1_754' title='bbox 1548 4241 1574 4298; x_wconf 96' lang='lat' dir='ltr'><strong>in</strong></span> <span class='ocrx_word' id='word_1_755' title='bbox 1588 4243 1727 4300; x_wconf 87' lang='lat' dir='ltr'><strong>Orientem</strong></span> <span class='ocrx_word' id='word_1_756' title='bbox 1743 4255 1840 4300; x_wconf 79' lang='lat' dir='ltr'><strong>contre</strong></span> 
     </span>
     <span class='ocr_line' id='line_1_96' title="bbox 1038 4329 1840 4407; baseline 0.007 -21"><span class='ocrx_word' id='word_1_757' title='bbox 1038 4329 1149 4401; x_wconf 81' lang='lat' dir='ltr'><strong>Nigrum</strong></span> <span class='ocrx_word' id='word_1_758' title='bbox 1174 4343 1337 4405; x_wconf 77' lang='lat' dir='ltr'><strong>tyrannum,</strong></span> <span class='ocrx_word' id='word_1_759' title='bbox 1353 4331 1425 4390; x_wconf 85' lang='lat' dir='ltr'><strong>datis</strong></span> <span class='ocrx_word' id='word_1_760' title='bbox 1449 4334 1523 4405; x_wconf 90' lang='lat' dir='ltr'><strong>prius</strong></span> <span class='ocrx_word' id='word_1_761' title='bbox 1547 4333 1618 4406; x_wconf 89' lang='lat' dir='ltr'><strong>plebi</strong></span> <span class='ocrx_word' id='word_1_762' title='bbox 1639 4332 1795 4407; x_wconf 79' lang='lat' dir='ltr'><strong>Conpiario,</strong></span> <span class='ocrx_word' id='word_1_763' title='bbox 1811 4345 1840 4392; x_wconf 93' lang='lat' dir='ltr'><strong>et</strong></span> 
     </span>
     <span class='ocr_line' id='line_1_97' title="bbox 1039 4417 1838 4498; baseline 0.004 -18"><span class='ocrx_word' id='word_1_764' title='bbox 1039 4423 1171 4480; x_wconf 83' lang='lat' dir='ltr'><strong>Dorratiro</strong></span> <span class='ocrx_word' id='word_1_765' title='bbox 1185 4425 1335 4490; x_wconf 86' lang='lat' dir='ltr'><strong>llilitilrus;</strong></span> <span class='ocrx_word' id='word_1_766' title='bbox 1352 4426 1469 4498; x_wconf 88' lang='lat' dir='ltr'><strong>deuiquc</strong></span> <span class='ocrx_word' id='word_1_767' title='bbox 1489 4436 1516 4483; x_wconf 89' lang='lat' dir='ltr'><strong>et</strong></span> <span class='ocrx_word' id='word_1_768' title='bbox 1539 4428 1597 4482; x_wconf 89' lang='lat' dir='ltr'><strong>lruc</strong></span> <span class='ocrx_word' id='word_1_769' title='bbox 1611 4417 1780 4483; x_wconf 65' lang='lat' dir='ltr'><strong>numismatis</strong></span> <span class='ocrx_word' id='word_1_770' title='bbox 1795 4427 1838 4483; x_wconf 92' lang='lat' dir='ltr'><strong>iu·</strong></span> 
     </span>
    </p>
   </div>
   <div class='ocr_carea' id='block_1_14' title="bbox 180 4518 1839 4684">
    <p class='ocr_par' dir='ltr' id='par_1_15' title="bbox 180 4518 1839 4684">
     <span class='ocr_line' id='line_1_98' title="bbox 1082 4520 1800 4557; baseline 0.004 -13"><span class='ocrx_word' id='word_1_771' title='bbox 1082 4521 1088 4530; x_wconf 89' lang='lat'><strong>·</strong></span> <span class='ocrx_word' id='word_1_772' title='bbox 1122 4520 1127 4530; x_wconf 90' lang='lat'><em>·</em></span> <span class='ocrx_word' id='word_1_773' title='bbox 1162 4537 1168 4549; x_wconf 88' lang='lat'><strong>.</strong></span> <span class='ocrx_word' id='word_1_774' title='bbox 1438 4523 1462 4556; x_wconf 71' lang='lat'><strong>·,</strong></span> <span class='ocrx_word' id='word_1_775' title='bbox 1575 4522 1584 4557; x_wconf 37' lang='lat'><strong>⁴·</strong></span> <span class='ocrx_word' id='word_1_776' title='bbox 1651 4524 1658 4553; x_wconf 76' lang='lat'><em>,</em></span> <span class='ocrx_word' id='word_1_777' title='bbox 1796 4522 1800 4547; x_wconf 92' lang='lat'><strong>·.</strong></span> 
     </span>
     <span class='ocr_line' id='line_1_99' title="bbox 180 4518 1839 4684; baseline 0.004 -22"><span class='ocrx_word' id='word_1_778' title='bbox 180 4607 232 4675; x_wconf 84' lang='lat' dir='ltr'><strong>ris,</strong></span> <span class='ocrx_word' id='word_1_779' title='bbox 246 4605 278 4663; x_wconf 83' lang='lat' dir='ltr'><strong>F.</strong></span> <span class='ocrx_word' id='word_1_780' title='bbox 295 4606 391 4662; x_wconf 76' lang='lat' dir='ltr'><strong>Felicis</strong></span> <span class='ocrx_word' id='word_1_781' title='bbox 408 4607 481 4673; x_wconf 79' lang='lat' dir='ltr'><strong>utri,</strong></span> <span class='ocrx_word' id='word_1_782' title='bbox 504 4606 615 4661; x_wconf 85' lang='lat' dir='ltr'><strong>llrrmani</strong></span> <span class='ocrx_word' id='word_1_783' title='bbox 634 4605 768 4661; x_wconf 78' lang='lat' dir='ltr'><strong>l‘ontiicir</strong></span> <span class='ocrx_word' id='word_1_784' title='bbox 782 4621 825 4660; x_wconf 87' lang='lat' dir='ltr'><strong>ou.</strong></span> <span class='ocrx_word' id='word_1_785' title='bbox 840 4621 898 4662; x_wconf 81' lang='lat' dir='ltr'><strong>rur.</strong></span> <span class='ocrx_word' id='word_1_786' title='bbox 916 4606 982 4676; x_wconf 82' lang='lat' dir='ltr'><strong>lmp-</strong></span> <span class='ocrx_word' id='word_1_787' title='bbox 997 4578 1024 4637; x_wconf 78' lang='lat' dir='ltr'>D</span> <span class='ocrx_word' id='word_1_788' title='bbox 1038 4518 1353 4668; x_wconf 48' lang='lat' dir='ltr'><strong>icliguiidijililgissis</strong></span> <span class='ocrx_word' id='word_1_789' title='bbox 1367 4519 1526 4682; x_wconf 51' lang='grc' dir='ltr'><strong>ἓΰέῗυῖ)</strong></span> <span class='ocrx_word' id='word_1_790' title='bbox 1538 4520 1839 4684; x_wconf 49' lang='lat' dir='ltr'><strong>ticitiricifiliiinripirid</strong></span> 
     </span>
    </p>
   </div>
   <div class='ocr_carea' id='block_1_15' title="bbox 1038 4703 1837 4777">
    <p class='ocr_par' dir='ltr' id='par_1_16' title="bbox 1038 4703 1837 4777">
     <span class='ocr_line' id='line_1_100' title="bbox 1038 4703 1837 4777; baseline -0.001 -17"><span class='ocrx_word' id='word_1_791' title='bbox 1038 4705 1251 4776; x_wconf 72' lang='lat' dir='ltr'><strong>pretermittitur</strong></span> <span class='ocrx_word' id='word_1_792' title='bbox 1264 4723 1271 4760; x_wconf 90' lang='lat'>:</span> <span class='ocrx_word' id='word_1_793' title='bbox 1288 4703 1371 4768; x_wconf 80' lang='lat' dir='ltr'><strong>d&#39;ocos</strong></span> <span class='ocrx_word' id='word_1_794' title='bbox 1385 4715 1407 4760; x_wconf 87' lang='lat' dir='ltr'><strong>et</strong></span> <span class='ocrx_word' id='word_1_795' title='bbox 1421 4705 1508 4762; x_wconf 83' lang='lat' dir='ltr'><strong>tiroror</strong></span> <span class='ocrx_word' id='word_1_796' title='bbox 1523 4707 1550 4761; x_wconf 90' lang='lat' dir='ltr'><strong>iu</strong></span> <span class='ocrx_word' id='word_1_797' title='bbox 1564 4705 1692 4777; x_wconf 76' lang='lat' dir='ltr'><strong>publicum</strong></span> <span class='ocrx_word' id='word_1_798' title='bbox 1714 4704 1837 4770; x_wconf 84' lang='lat' dir='ltr'><strong>educere,</strong></span> 
     </span>
    </p>
   </div>
   <div class='ocr_carea' id='block_1_16' title="bbox 1035 4883 1842 5077">
    <p class='ocr_par' dir='ltr' id='par_1_17' title="bbox 1035 4883 1842 5077">
     <span class='ocr_line' id='line_1_101' title="bbox 1070 4883 1840 4949; baseline 0.004 -14"><span class='ocrx_word' id='word_1_799' title='bbox 1070 4883 1105 4947; x_wconf 82' lang='lat' dir='ltr'><strong>il)</strong></span> <span class='ocrx_word' id='word_1_800' title='bbox 1123 4885 1234 4949; x_wconf 87' lang='lat' dir='ltr'><strong>ipsemet</strong></span> <span class='ocrx_word' id='word_1_801' title='bbox 1249 4886 1302 4937; x_wconf 83' lang='lat' dir='ltr'><strong>suis</strong></span> <span class='ocrx_word' id='word_1_802' title='bbox 1312 4888 1406 4937; x_wconf 83' lang='lat' dir='ltr'><strong>diserto</strong></span> <span class='ocrx_word' id='word_1_803' title='bbox 1420 4893 1525 4938; x_wconf 88' lang='lat' dir='ltr'><strong>testatur</strong></span> <span class='ocrx_word' id='word_1_804' title='bbox 1540 4886 1706 4938; x_wconf 79' lang='lat' dir='ltr'><strong>Tertullianus</strong></span> <span class='ocrx_word' id='word_1_805' title='bbox 1717 4888 1801 4936; x_wconf 84' lang='lat' dir='ltr'><strong>uerbis</strong></span> <span class='ocrx_word' id='word_1_806' title='bbox 1811 4901 1840 4938; x_wconf 88' lang='lat' dir='ltr'><strong>sc</strong></span> 
     </span>
     <span class='ocr_line' id='line_1_102' title="bbox 1035 4949 1839 5012; baseline 0.001 -16"><span class='ocrx_word' id='word_1_807' title='bbox 1035 4960 1148 4997; x_wconf 86' lang='lat' dir='ltr'><strong>unacum</strong></span> <span class='ocrx_word' id='word_1_808' title='bbox 1159 4949 1289 5004; x_wconf 68' lang='lat' dir='ltr'><strong>eerrliliuur</strong></span> <span class='ocrx_word' id='word_1_809' title='bbox 1308 4953 1443 5012; x_wconf 71' lang='lat' dir='ltr'><strong>strperstilir</strong></span> <span class='ocrx_word' id='word_1_810' title='bbox 1455 4953 1527 5000; x_wconf 83' lang='lat' dir='ltr'><strong>rriirrrs</strong></span> <span class='ocrx_word' id='word_1_811' title='bbox 1540 4951 1635 4999; x_wconf 85' lang='lat' dir='ltr'><strong>lilrirluri</strong></span> <span class='ocrx_word' id='word_1_812' title='bbox 1650 4951 1800 5005; x_wconf 65' lang='lat' dir='ltr'><strong>rtrsurriisse,</strong></span> <span class='ocrx_word' id='word_1_813' title='bbox 1814 4952 1839 4997; x_wconf 92' lang='lat' dir='ltr'><strong>in</strong></span> 
     </span>
     <span class='ocr_line' id='line_1_103' title="bbox 1035 5007 1842 5077; baseline 0.002 -17"><span class='ocrx_word' id='word_1_814' title='bbox 1035 5007 1097 5060; x_wconf 87' lang='lat' dir='ltr'><strong>libro</strong></span> <span class='ocrx_word' id='word_1_815' title='bbox 1106 5011 1138 5060; x_wconf 87' lang='lat' dir='ltr'><strong>oe</strong></span> <span class='ocrx_word' id='word_1_816' title='bbox 1156 5009 1300 5060; x_wconf 75' lang='lat' dir='ltr'><strong>ilesurrcrt.</strong></span> <span class='ocrx_word' id='word_1_817' title='bbox 1312 5024 1365 5076; x_wconf 88' lang='lat' dir='ltr'><strong>cap.</strong></span> <span class='ocrx_word' id='word_1_818' title='bbox 1374 5015 1414 5062; x_wconf 72' lang='lat'><strong>59.</strong></span> <span class='ocrx_word' id='word_1_819' title='bbox 1424 5029 1430 5062; x_wconf 93' lang='lat'>:</span> <span class='ocrx_word' id='word_1_820' title='bbox 1439 5017 1489 5075; x_wconf 74' lang='lat' dir='ltr'><strong>epo</strong></span> <span class='ocrx_word' id='word_1_821' title='bbox 1500 5027 1539 5063; x_wconf 89' lang='lat' dir='ltr'><strong>ure</strong></span> <span class='ocrx_word' id='word_1_822' title='bbox 1550 5027 1609 5072; x_wconf 83' lang='lat' dir='ltr'><strong>scio,</strong></span> <span class='ocrx_word' id='word_1_823' title='bbox 1622 5024 1699 5077; x_wconf 83' lang='lat' dir='ltr'><strong>neque</strong></span> <span class='ocrx_word' id='word_1_824' title='bbox 1709 5009 1842 5063; x_wconf 87' lang='lat' dir='ltr'><strong>niiururtre</strong></span> 
     </span>
    </p>
   </div>
   <div class='ocr_carea' id='block_1_17' title="bbox 1015 5069 1841 5141">
    <p class='ocr_par' dir='ltr' id='par_1_18' title="bbox 1015 5069 1841 5141">
     <span class='ocr_line' id='line_1_104' title="bbox 1015 5069 1841 5141; baseline 0 -19"><span class='ocrx_word' id='word_1_825' title='bbox 1015 5071 1019 5082; x_wconf 92' lang='grc'><strong>’</strong></span> <span class='ocrx_word' id='word_1_826' title='bbox 1034 5069 1158 5124; x_wconf 86' lang='lat' dir='ltr'><strong>adulterio</strong></span> <span class='ocrx_word' id='word_1_827' title='bbox 1175 5072 1330 5136; x_wconf 71' lang='lat' dir='ltr'><strong>courudsr&#39;ase</strong></span> <span class='ocrx_word' id='word_1_828' title='bbox 1344 5087 1421 5141; x_wconf 77' lang='lat' dir='ltr'><strong>rrerprre</strong></span> <span class='ocrx_word' id='word_1_829' title='bbox 1439 5089 1502 5126; x_wconf 88' lang='lat' dir='ltr'><strong>nunc</strong></span> <span class='ocrx_word' id='word_1_830' title='bbox 1520 5073 1570 5125; x_wconf 89' lang='lat' dir='ltr'><strong>olio</strong></span> <span class='ocrx_word' id='word_1_831' title='bbox 1588 5088 1661 5125; x_wconf 82' lang='lat' dir='ltr'><strong>corrre</strong></span> <span class='ocrx_word' id='word_1_832' title='bbox 1672 5076 1705 5124; x_wconf 85' lang='lat' dir='ltr'><strong>uri</strong></span> <span class='ocrx_word' id='word_1_833' title='bbox 1718 5075 1841 5127; x_wconf 87' lang='lat' dir='ltr'><strong>coutinen-</strong></span> 
     </span>
    </p>
   </div>
   <div class='ocr_carea' id='block_1_18' title="bbox 1034 5133 1842 5889">
    <p class='ocr_par' dir='ltr' id='par_1_19' title="bbox 1034 5133 1842 5889">
     <span class='ocr_line' id='line_1_105' title="bbox 1034 5133 1841 5201; baseline 0.001 -16"><span class='ocrx_word' id='word_1_834' title='bbox 1034 5133 1094 5185; x_wconf 79' lang='lat' dir='ltr'><strong>tt&#39;urrr</strong></span> <span class='ocrx_word' id='word_1_835' title='bbox 1105 5133 1164 5186; x_wconf 88' lang='lat' dir='ltr'><strong>eniti</strong></span> <span class='ocrx_word' id='word_1_836' title='bbox 1177 5148 1184 5185; x_wconf 91' lang='grc'><strong>.·</strong></span> <span class='ocrx_word' id='word_1_837' title='bbox 1197 5151 1247 5198; x_wconf 76' lang='lat' dir='ltr'><strong>eruo</strong></span> <span class='ocrx_word' id='word_1_838' title='bbox 1256 5141 1329 5186; x_wconf 84' lang='lat' dir='ltr'><strong>etiarn</strong></span> <span class='ocrx_word' id='word_1_839' title='bbox 1343 5147 1454 5201; x_wconf 84' lang='lat' dir='ltr'><strong>ternpore</strong></span> <span class='ocrx_word' id='word_1_840' title='bbox 1466 5135 1797 5199; x_wconf 82' lang='lat' dir='ltr'><strong>spectaculisdelectabatur.</strong></span> <span class='ocrx_word' id='word_1_841' title='bbox 1806 5137 1841 5187; x_wconf 90' lang='lat' dir='ltr'><strong>de</strong></span> 
     </span>
     <span class='ocr_line' id='line_1_106' title="bbox 1034 5196 1838 5264; baseline 0.006 -19"><span class='ocrx_word' id='word_1_842' title='bbox 1034 5199 1133 5260; x_wconf 84' lang='lat' dir='ltr'><strong>qrribus.</strong></span> <span class='ocrx_word' id='word_1_843' title='bbox 1142 5196 1216 5257; x_wconf 78' lang='lat' dir='ltr'><strong>aurio,</strong></span> <span class='ocrx_word' id='word_1_844' title='bbox 1230 5201 1307 5261; x_wconf 78' lang='lat' dir='ltr'><strong>inqiut</strong></span> <span class='ocrx_word' id='word_1_845' title='bbox 1319 5200 1410 5263; x_wconf 73' lang='lat' dir='ltr'><strong>(lert,</strong></span> <span class='ocrx_word' id='word_1_846' title='bbox 1423 5201 1454 5250; x_wconf 86' lang='lat' dir='ltr'><strong>ric</strong></span> <span class='ocrx_word' id='word_1_847' title='bbox 1466 5203 1547 5264; x_wconf 81' lang='lat' dir='ltr'><strong>spect.</strong></span> <span class='ocrx_word' id='word_1_848' title='bbox 1559 5213 1581 5250; x_wconf 87' lang='lat' dir='ltr'><strong>c.</strong></span> <span class='ocrx_word' id='word_1_849' title='bbox 1592 5202 1630 5250; x_wconf 78' lang='lat' dir='ltr'><strong>ts.</strong></span> <span class='ocrx_word' id='word_1_850' title='bbox 1641 5205 1659 5262; x_wconf 80' lang='lat' dir='ltr'><strong>l.</strong></span> <span class='ocrx_word' id='word_1_851' title='bbox 1668 5214 1715 5252; x_wconf 85' lang='lat' dir='ltr'><strong>troo</strong></span> <span class='ocrx_word' id='word_1_852' title='bbox 1725 5197 1838 5264; x_wconf 84' lang='lat' dir='ltr'><strong>impiere,</strong></span> 
     </span>
     <span class='ocr_line' id='line_1_107' title="bbox 1034 5259 1839 5326; baseline 0.002 -16"><span class='ocrx_word' id='word_1_853' title='bbox 1034 5272 1110 5325; x_wconf 80' lang='lat' dir='ltr'><strong>quom</strong></span> <span class='ocrx_word' id='word_1_854' title='bbox 1126 5259 1279 5320; x_wconf 77' lang='lat' dir='ltr'><strong>meruim&#39;ose,</strong></span> <span class='ocrx_word' id='word_1_855' title='bbox 1300 5262 1323 5310; x_wconf 92' lang='lat' dir='ltr'><strong>id</strong></span> <span class='ocrx_word' id='word_1_856' title='bbox 1340 5271 1386 5318; x_wconf 80' lang='lat' dir='ltr'><strong>est,</strong></span> <span class='ocrx_word' id='word_1_857' title='bbox 1406 5275 1483 5326; x_wconf 87' lang='lat' dir='ltr'><strong>pauca</strong></span> <span class='ocrx_word' id='word_1_858' title='bbox 1501 5263 1534 5312; x_wconf 90' lang='lat' dir='ltr'><strong>dc</strong></span> <span class='ocrx_word' id='word_1_859' title='bbox 1551 5262 1638 5312; x_wconf 86' lang='lat' dir='ltr'><strong>iisdem</strong></span> <span class='ocrx_word' id='word_1_860' title='bbox 1656 5264 1752 5320; x_wconf 80' lang='lat' dir='ltr'><strong>dicere,</strong></span> <span class='ocrx_word' id='word_1_861' title='bbox 1764 5275 1839 5325; x_wconf 82' lang='lat' dir='ltr'><strong>quarn</strong></span> 
     </span>
     <span class='ocr_line' id='line_1_108' title="bbox 1036 5323 1838 5388; baseline 0.001 -16"><span class='ocrx_word' id='word_1_862' title='bbox 1036 5337 1132 5382; x_wconf 80' lang='lat' dir='ltr'><strong>corum,</strong></span> <span class='ocrx_word' id='word_1_863' title='bbox 1145 5338 1200 5387; x_wconf 78' lang='lat' dir='ltr'><strong>quau</strong></span> <span class='ocrx_word' id='word_1_864' title='bbox 1222 5323 1278 5375; x_wconf 87' lang='lat' dir='ltr'><strong>ridi.</strong></span> <span class='ocrx_word' id='word_1_865' title='bbox 1293 5325 1436 5374; x_wconf 76' lang='lat' dir='ltr'><strong>meminisse</strong></span> <span class='ocrx_word' id='word_1_866' title='bbox 1450 5339 1457 5379; x_wconf 75' lang='grc' dir='ltr'>ς</span> <span class='ocrx_word' id='word_1_867' title='bbox 1469 5337 1497 5373; x_wconf 81' lang='lat' dir='ltr'><strong>ae</strong></span> <span class='ocrx_word' id='word_1_868' title='bbox 1515 5323 1577 5375; x_wconf 88' lang='lat' dir='ltr'><strong>liltro</strong></span> <span class='ocrx_word' id='word_1_869' title='bbox 1595 5326 1627 5374; x_wconf 88' lang='lat' dir='ltr'><strong>de</strong></span> <span class='ocrx_word' id='word_1_870' title='bbox 1644 5324 1789 5388; x_wconf 83' lang='lat' dir='ltr'><strong>poerritentia</strong></span> <span class='ocrx_word' id='word_1_871' title='bbox 1808 5337 1838 5373; x_wconf 89' lang='lat' dir='ltr'><strong>se</strong></span> 
     </span>
     <span class='ocr_line' id='line_1_109' title="bbox 1035 5387 1838 5457; baseline 0 -21"><span class='ocrx_word' id='word_1_872' title='bbox 1035 5388 1142 5436; x_wconf 87' lang='lat' dir='ltr'><strong>otrrniuru</strong></span> <span class='ocrx_word' id='word_1_873' title='bbox 1163 5393 1319 5450; x_wconf 81' lang='lat' dir='ltr'><strong>peccalorum</strong></span> <span class='ocrx_word' id='word_1_874' title='bbox 1339 5389 1470 5435; x_wconf 78' lang='lat' dir='ltr'><strong>ruarirnunr</strong></span> <span class='ocrx_word' id='word_1_875' title='bbox 1489 5387 1565 5437; x_wconf 80' lang='lat' dir='ltr'><strong>inisse</strong></span> <span class='ocrx_word' id='word_1_876' title='bbox 1583 5389 1692 5457; x_wconf 72' lang='lat' dir='ltr'><strong>feletem,</strong></span> <span class='ocrx_word' id='word_1_877' title='bbox 1712 5387 1838 5451; x_wconf 74' lang='lat' dir='ltr'><strong>lapsisque</strong></span> 
     </span>
     <span class='ocr_line' id='line_1_110' title="bbox 1034 5447 1841 5520; baseline 0.001 -22"><span class='ocrx_word' id='word_1_878' title='bbox 1034 5451 1206 5512; x_wconf 76' lang='lat' dir='ltr'><strong>penitentiam</strong></span> <span class='ocrx_word' id='word_1_879' title='bbox 1226 5449 1343 5502; x_wconf 76' lang='lat' dir='ltr'><strong>suadens,</strong></span> <span class='ocrx_word' id='word_1_880' title='bbox 1363 5449 1398 5497; x_wconf 87' lang='lat' dir='ltr'><strong>uit</strong></span> <span class='ocrx_word' id='word_1_881' title='bbox 1422 5447 1511 5510; x_wconf 80' lang='lat' dir='ltr'><strong>ildeut</strong></span> <span class='ocrx_word' id='word_1_882' title='bbox 1539 5449 1571 5500; x_wconf 92' lang='lat' dir='ltr'><strong>de</strong></span> <span class='ocrx_word' id='word_1_883' title='bbox 1589 5453 1727 5520; x_wconf 47' lang='lat' dir='ltr'><strong>Prcrrtleul„</strong></span> <span class='ocrx_word' id='word_1_884' title='bbox 1739 5450 1795 5498; x_wconf 73' lang='lat' dir='ltr'><strong>el.</strong></span> <span class='ocrx_word' id='word_1_885' title='bbox 1817 5455 1841 5499; x_wconf 85' lang='lat' dir='ltr'><strong>et</strong></span> 
     </span>
     <span class='ocr_line' id='line_1_111' title="bbox 1035 5509 1840 5581; baseline 0 -21"><span class='ocrx_word' id='word_1_886' title='bbox 1035 5523 1058 5560; x_wconf 87' lang='lat' dir='ltr'><strong>c.</strong></span> <span class='ocrx_word' id='word_1_887' title='bbox 1072 5513 1109 5561; x_wconf 71' lang='lat' dir='ltr'><strong>tr.</strong></span> <span class='ocrx_word' id='word_1_888' title='bbox 1123 5514 1132 5576; x_wconf 94' lang='lat'><strong>)</strong></span> <span class='ocrx_word' id='word_1_889' title='bbox 1144 5527 1150 5561; x_wconf 95' lang='lat'>:</span> <span class='ocrx_word' id='word_1_890' title='bbox 1160 5525 1214 5562; x_wconf 87' lang='lat' dir='ltr'><strong>euru</strong></span> <span class='ocrx_word' id='word_1_891' title='bbox 1225 5517 1250 5559; x_wconf 90' lang='lat' dir='ltr'><strong>tu</strong></span> <span class='ocrx_word' id='word_1_892' title='bbox 1268 5515 1379 5575; x_wconf 85' lang='lat' dir='ltr'><strong>peccator</strong></span> <span class='ocrx_word' id='word_1_893' title='bbox 1398 5509 1445 5561; x_wconf 89' lang='lat' dir='ltr'><strong>urei</strong></span> <span class='ocrx_word' id='word_1_894' title='bbox 1455 5509 1541 5562; x_wconf 86' lang='lat' dir='ltr'><strong>similis</strong></span> <span class='ocrx_word' id='word_1_895' title='bbox 1553 5510 1619 5573; x_wconf 82' lang='lat' dir='ltr'><strong>(iruo</strong></span> <span class='ocrx_word' id='word_1_896' title='bbox 1635 5525 1674 5562; x_wconf 90' lang='lat' dir='ltr'><strong>me</strong></span> <span class='ocrx_word' id='word_1_897' title='bbox 1694 5525 1781 5581; x_wconf 83' lang='lat' dir='ltr'><strong>mutor,</strong></span> <span class='ocrx_word' id='word_1_898' title='bbox 1794 5522 1840 5574; x_wconf 75' lang='lat' dir='ltr'><strong>epo</strong></span> 
     </span>
     <span class='ocr_line' id='line_1_112' title="bbox 1035 5570 1842 5644; baseline 0.001 -20"><span class='ocrx_word' id='word_1_899' title='bbox 1035 5573 1100 5624; x_wconf 87' lang='lat' dir='ltr'><strong>enirn</strong></span> <span class='ocrx_word' id='word_1_900' title='bbox 1138 5574 1273 5626; x_wconf 72' lang='lat' dir='ltr'><strong>restoration</strong></span> <span class='ocrx_word' id='word_1_901' title='bbox 1283 5570 1308 5623; x_wconf 90' lang='lat' dir='ltr'><strong>in</strong></span> <span class='ocrx_word' id='word_1_902' title='bbox 1318 5570 1414 5624; x_wconf 85' lang='lat' dir='ltr'><strong>delictis</strong></span> <span class='ocrx_word' id='word_1_903' title='bbox 1425 5586 1504 5624; x_wconf 79' lang='lat' dir='ltr'><strong>nterim</strong></span> <span class='ocrx_word' id='word_1_904' title='bbox 1513 5575 1625 5638; x_wconf 79' lang='lat' dir='ltr'><strong>upuoscu)</strong></span> <span class='ocrx_word' id='word_1_905' title='bbox 1630 5577 1797 5644; x_wconf 81' lang='lat' dir='ltr'><strong>perutemtonr</strong></span> <span class='ocrx_word' id='word_1_906' title='bbox 1805 5575 1842 5625; x_wconf 82' lang='lat' dir='ltr'><strong>ilo</strong></span> 
     </span>
     <span class='ocr_line' id='line_1_113' title="bbox 1036 5590 1838 5748; baseline 0 -63"><span class='ocrx_word' id='word_1_907' title='bbox 1036 5590 1136 5690; x_wconf 48' lang='lat' dir='ltr'><strong>laaoffi</strong></span> <span class='ocrx_word' id='word_1_908' title='bbox 1145 5634 1180 5686; x_wconf 89' lang='lat' dir='ltr'><strong>ito</strong></span> <span class='ocrx_word' id='word_1_909' title='bbox 1198 5650 1237 5687; x_wconf 86' lang='lat' dir='ltr'><strong>eru</strong></span> <span class='ocrx_word' id='word_1_910' title='bbox 1255 5635 1349 5686; x_wconf 82' lang='lat' dir='ltr'><strong>terrare.</strong></span> <span class='ocrx_word' id='word_1_911' title='bbox 1370 5643 1395 5686; x_wconf 86' lang='lat' dir='ltr'><strong>ot</strong></span> <span class='ocrx_word' id='word_1_912' title='bbox 1412 5649 1460 5686; x_wconf 87' lang='lat' dir='ltr'><strong>nou</strong></span> <span class='ocrx_word' id='word_1_913' title='bbox 1471 5651 1545 5696; x_wconf 78' lang='lat' dir='ltr'><strong>ruerus</strong></span> <span class='ocrx_word' id='word_1_914' title='bbox 1562 5636 1635 5687; x_wconf 85' lang='lat' dir='ltr'><strong>elicto</strong></span> <span class='ocrx_word' id='word_1_915' title='bbox 1647 5635 1734 5688; x_wconf 81' lang='lat' dir='ltr'><strong>uiroc</strong></span> <span class='ocrx_word' id='word_1_916' title='bbox 1748 5634 1838 5748; x_wconf 54' lang='lat' dir='ltr'><strong>fectis.</strong></span> 
     </span>
     <span class='ocr_line' id='line_1_114' title="bbox 1036 5651 1839 5770; baseline -0.001 -20"><span class='ocrx_word' id='word_1_917' title='bbox 1036 5697 1094 5770; x_wconf 77' lang='lat' dir='ltr'><strong>Cap.</strong></span> <span class='ocrx_word' id='word_1_918' title='bbox 1109 5712 1168 5747; x_wconf 85' lang='lat' dir='ltr'><strong>vcro</strong></span> <span class='ocrx_word' id='word_1_919' title='bbox 1182 5700 1217 5757; x_wconf 70' lang='lat' dir='ltr'><strong>ld,</strong></span> <span class='ocrx_word' id='word_1_920' title='bbox 1231 5651 1254 5748; x_wconf 61' lang='lat' dir='ltr'><strong>d</strong></span> <span class='ocrx_word' id='word_1_921' title='bbox 1604 5760 1610 5770; x_wconf 89' lang='lat'><strong>.</strong></span> <span class='ocrx_word' id='word_1_922' title='bbox 1757 5706 1796 5750; x_wconf 85' lang='lat' dir='ltr'><strong>lrn</strong></span> <span class='ocrx_word' id='word_1_923' title='bbox 1806 5697 1839 5750; x_wconf 75' lang='lat' dir='ltr'><strong>de</strong></span> 
     </span>
     <span class='ocr_line' id='line_1_115' title="bbox 1034 5759 1838 5824; baseline 0.005 -16"><span class='ocrx_word' id='word_1_924' title='bbox 1034 5759 1088 5812; x_wconf 81' lang='lat' dir='ltr'><strong>istro</strong></span> <span class='ocrx_word' id='word_1_925' title='bbox 1100 5761 1135 5822; x_wconf 90' lang='lat' dir='ltr'><strong>(id</strong></span> <span class='ocrx_word' id='word_1_926' title='bbox 1144 5769 1192 5812; x_wconf 85' lang='lat' dir='ltr'><strong>est.</strong></span> <span class='ocrx_word' id='word_1_927' title='bbox 1204 5761 1236 5809; x_wconf 88' lang='lat' dir='ltr'><strong>ue</strong></span> <span class='ocrx_word' id='word_1_928' title='bbox 1248 5762 1414 5821; x_wconf 51' lang='lat' dir='ltr'><strong>penitentiae</strong></span> <span class='ocrx_word' id='word_1_929' title='bbox 1424 5767 1534 5824; x_wconf 84' lang='lat' dir='ltr'><strong>peccator</strong></span> <span class='ocrx_word' id='word_1_930' title='bbox 1545 5765 1772 5815; x_wconf 73' lang='lat' dir='ltr'><strong>muneraremur</strong></span> <span class='ocrx_word' id='word_1_931' title='bbox 1782 5774 1838 5815; x_wconf 78' lang='lat' dir='ltr'><strong>curn</strong></span> 
     </span>
     <span class='ocr_line' id='line_1_116' title="bbox 1034 5818 1547 5889; baseline 0.006 -15"><span class='ocrx_word' id='word_1_932' title='bbox 1034 5818 1089 5886; x_wconf 86' lang='lat' dir='ltr'><strong>tim,</strong></span> <span class='ocrx_word' id='word_1_933' title='bbox 1098 5835 1142 5875; x_wconf 87' lang='lat' dir='ltr'><strong>aee</strong></span> <span class='ocrx_word' id='word_1_934' title='bbox 1154 5821 1199 5875; x_wconf 87' lang='lat' dir='ltr'><strong>ulli</strong></span> <span class='ocrx_word' id='word_1_935' title='bbox 1209 5821 1246 5874; x_wconf 85' lang='lat' dir='ltr'><strong>rei</strong></span> <span class='ocrx_word' id='word_1_936' title='bbox 1256 5821 1303 5878; x_wconf 86' lang='lat' dir='ltr'><strong>niti</strong></span> <span class='ocrx_word' id='word_1_937' title='bbox 1314 5820 1459 5889; x_wconf 79' lang='lat' dir='ltr'><strong>penitentie</strong></span> <span class='ocrx_word' id='word_1_938' title='bbox 1468 5829 1547 5877; x_wconf 75' lang='lat' dir='ltr'><strong>nomo.</strong></span> 
     </span>
    </p>
   </div>
   <div class='ocr_carea' id='block_1_19' title="bbox 1249 5691 1747 5762">
    <p class='ocr_par' dir='ltr' id='par_1_20' title="bbox 1249 5691 1747 5762">
     <span class='ocr_line' id='line_1_117' title="bbox 1249 5691 1747 5762; baseline 0 -15"><span class='ocrx_word' id='word_1_939' title='bbox 1249 5714 1263 5747; x_wconf 91' lang='lat' dir='ltr'><strong>e</strong></span> <span class='ocrx_word' id='word_1_940' title='bbox 1276 5698 1324 5746; x_wconf 82' lang='lat' dir='ltr'><strong>rita</strong></span> <span class='ocrx_word' id='word_1_941' title='bbox 1336 5698 1361 5746; x_wconf 92' lang='lat' dir='ltr'><strong>in</strong></span> <span class='ocrx_word' id='word_1_942' title='bbox 1370 5700 1434 5749; x_wconf 84' lang='lat' dir='ltr'><strong>uitiis</strong></span> <span class='ocrx_word' id='word_1_943' title='bbox 1446 5691 1567 5750; x_wconf 74' lang='lat' dir='ltr'><strong>transacta</strong></span> <span class='ocrx_word' id='word_1_944' title='bbox 1579 5716 1585 5749; x_wconf 76' lang='grc' dir='ltr'><em>τ</em></span> <span class='ocrx_word' id='word_1_945' title='bbox 1601 5699 1665 5760; x_wconf 80' lang='lat' dir='ltr'><strong>Quid</strong></span> <span class='ocrx_word' id='word_1_946' title='bbox 1676 5709 1747 5762; x_wconf 70' lang='lat' dir='ltr'><strong>epott</strong></span> 
     </span>
    </p>
   </div>
   <div class='ocr_carea' id='block_1_20' title="bbox 0 0 2046 6330">
    <p class='ocr_par' dir='ltr' id='par_1_21' title="bbox 0 0 2046 6330">
     <span class='ocr_line' id='line_1_118' title="bbox 0 0 2046 6330; baseline 0 0"><span class='ocrx_word' id='word_1_947' title='bbox 0 0 2046 6330; x_wconf 95' lang='lat' dir='ltr'><strong> </strong></span> 
     </span>
    </p>
   </div>
  </div>
 </body>
</html>
