4084 6334
321 328 376 388 963
855 319 890 383 lli
911 318 1145 385 termulam
1163 320 1428 387 teotoosrmtitt
1895 330 1933 399 ltt

319 457 459 521 penatores
482 442 625 502 uoluerant
648 441 708 501 illos
731 438 841 500 nominc
854 442 972 499 scrutaris
987 443 1029 499 sui
1048 458 1117 499 nura·
1131 442 1157 505 Α
1169 443 1325 519 delimibqs,
1339 454 1366 501 et
1380 458 1395 500 a
1409 440 1517 502 nemine
1535 444 1665 503 hactenus
1677 445 1829 518 excogitatis
1840 452 1931 509 resarta

319 542 429 615 cumbi,
456 541 531 607 cuius
555 540 637 595 scelus
659 549 719 593 sunt
736 538 765 593 in
788 537 927 593 deserenda
949 536 1004 592 Deo
1026 536 1120 592 imitati
1141 558 1148 569 ·
1171 537 1249 595 nibus
1262 554 1294 595 ac
1308 540 1449 597 tormentis
1463 540 1726 597 excarnidcalrantur
1750 552 1777 599 ct
1791 544 1931 603 necabantur.

318 634 404 709 (Cori.
418 632 556 700 rueram„
570 634 609 687 tit.
624 630 775 698 defleret,
792 630 841 701 leq.
854 630 900 693 tis,
914 646 941 701 ρ.
956 628 1019 695 too,
1032 626 1117 701 till),
1171 632 1249 691 Plura
1264 640 1353 691 autern
1368 636 1473 691 illorum
1489 635 1619 707 supplicia
1639 635 1816 695 Tertullianus
1830 656 1931 715 recenso,
1965 701 1969 719 ,

226 711 235 738 “
317 731 359 786 rel
369 731 439 786 sicut
454 728 525 800 apua
540 730 679 785 Socratem
692 724 980 781 atebatconstanuinus
995 721 1117 793 bannus,
1170 742 1230 798 quse
1244 728 1398 799 sineatiqua
1411 728 1627 787 obscuruttanrea
1641 730 1720 789 nobis
1735 734 1931 802 pretermittam

317 834 346 881 at
358 840 466 897 quorum
480 824 560 878 secuti
569 831 627 879 sunt
637 836 729 887 mores,
747 835 836 874 eoram
850 818 927 873 ctiam
938 816 1119 888 uocabuloap-
1170 820 1280 878 debent.
1297 822 1417 878 Primam
1431 822 1520 895 itaque
1534 841 1541 878 :
1556 822 1686 891 Quotidie,
1702 825 1796 897 inquit,
1809 826 1931 899 clame,

317 918 442 994 pellentur
462 914 598 989 (Sacrae,
620 913 664 968 lib.
683 914 704 979 l,
731 929 791 984 cap.
807 910 836 980 9,
852 928 878 980 ρ.
892 910 955 980 52).
975 908 1118 965 Rationem
1170 915 1283 985 quratidie
1294 916 1439 987 prodimur,
1449 916 1476 972 in
1491 919 1553 989 ipsis
1562 908 1702 989 uterinam
1714 920 1843 973 coetibtract
1856 936 1932 992 aarum

316 1013 339 1067 si
353 1007 470 1084 quares,
483 1009 584 1066 launca
605 1007 741 1081 cypriano
763 1007 854 1076 accipe
875 1022 881 1059 :
905 1000 980 1060 Sicut
1002 1000 1118 1057 statutas
1170 1008 1313 1080 qutioniius
1335 1012 1428 1065 uostris
1442 1012 1610 1081 opprimimur
1632 1008 1805 1085 (Tertullian.
1819 1013 1931 1087 daolaqet,

315 1104 432 1163 Christus
451 1122 503 1160 aon
516 1112 563 1171 est,
579 1104 694 1176 quamuis
716 1100 791 1174 {aliut
806 1101 833 1154 in
848 1098 952 1153 nomiae
970 1094 1044 1152 illias
1058 1110 1067 1151 .·
1081 1098 1118 1149 ita
1169 1116 1228 1173 cap,
1240 1101 1265 1169 7,
1277 1120 1304 1172 p.
1316 1101 1459 1173 dilibllou
1474 1104 1551 1175 pauci
1563 1104 1931 1175 ergomedplorimimonram,

316 1216 362 1256 nec
372 1196 617 1255 christianasaideri
630 1204 721 1267 potest,
735 1194 780 1264 qai
790 1208 841 1247 nan
853 1200 983 1263 peroraret
993 1191 1021 1246 in
1033 1188 1118 1244 Euan·
1169 1194 1217 1250 sed
1238 1194 1398 1266 sepissime,
1415 1194 1441 1251 ln
1457 1196 1513 1252 stris
1527 1196 1640 1253 coetibus
1655 1205 1683 1253 et
1701 1197 1764 1254 attbt
1782 1200 1933 1269 opprimebar

316 1294 377 1369 qeiii
389 1303 413 1350 ct
434 1294 491 1367 eius
503 1290 564 1362 fidei
576 1291 681 1345 ueritate
694 1288 852 1361 (Cypriam,
867 1284 911 1341 lib.
927 1286 959 1340 de
974 1282 1046 1340 linit.
1065 1280 1117 1337 Ec·
1170 1296 1223 1343 tur.
1236 1286 1291 1344 Nec
1305 1287 1401 1344 mirum
1417 1302 1493 1346 sane.
1507 1288 1574 1345 Nam
1585 1290 1784 1360 ethnicl,‘omrri
1799 1294 1934 1363 prorsosba·

316 1386 407 1459 cles).
437 1384 517 1442 Vides
544 1398 610 1439 sane
645 1382 736 1451 quanti
776 1380 883 1435 roboris
919 1378 956 1434 sit
988 1376 1040 1433 boc
1067 1373 1117 1433 ad·
1147 1358 1443 1455 'manitatadepositm
1460 1366 1934 1459 partlmprapiiisaaimis.portimlcqi
1987 1401 1988 1410 ¹

315 1495 410 1537 sersus
432 1476 567 1551 quoslibet
588 1476 731 1531 hereticos
756 1480 955 1544 argumentum,
983 1466 1055 1541 quod
1083 1482 1117 1523 ex
1170 1476 1435 1549 insulsaqumtemn
1454 1494 1496 1535 eoa
1513 1478 1657 1535 sariebant.
1671 1478 1742 1547 Quin
1756 1479 1842 1547 etiarn,
1854 1484 1933 1553 qratia,

315 1570 561 1650 proscriptionibus
586 1569 651 1624 sire'
668 1567 778 1637 antiqua
798 1563 992 1635 discipolorum
1015 1560 1118 1617 Christi
1169 1570 1207 1625 aiu
1219 1568 1307 1625 adhue
1316 1570 1507 1639 Tertullianus,
1521 1570 1659 1643 proeoeritis
1668 1572 1749 1639 aoht,
1765 1572 1877 1627 niurtirum
1886 1590 1934 1645 orc-

257 1732 266 1747 ,
315 1664 459 1720 traditione
474 1662 587 1733 quartum
601 1668 653 1716 asu.
669 1656 858 1714 restauramus
872 1655 945 1711 curm
962 1662 1056 1724 apere
1070 1650 1118 1707 us·
1170 1661 1283 1729 scutrum,
1299 1679 1345 1719 aaa
1354 1664 1472 1733 aarum
1484 1664 1615 1719 terrram
1627 1665 1719 1737 suram
1730 1665 1824 1725 tussam
1836 1666 1934 1735 taurana

314 1765 448 1815 monstrat
470 1757 535 1812 nibil
555 1755 663 1826 pertitus
685 1752 799 1824 gentiles
823 1751 952 1806 adversus
979 1744 1118 1817 religionis
1169 1766 1192 1812 eu
1205 1756 1497 1832 incendiisqlbid.,cap.
1510 1758 1555 1825 st,
1571 1758 1684 1833 altili!
1698 1759 1771 1816 nulla
1786 1759 1934 1817 rtdqttqqq.

313 1852 467 1909 christianae
486 1848 678 1921 perfectionem
692 1845 827 1901 conicere
848 1856 976 1914 possess
992 1836 1117 1910 pessimis
1132 1846 1156 1909 B
1170 1858 1288 1921 specum
1303 1851 1422 1923 quchm
1437 1852 1581 1917 ΜΝ,
1597 1852 1645 1907 ,eq
1659 1868 1733 1909 ew
1755 1852 1849 1923 qmpeqq
1861 1852 1933 1924 pqqqq

313 1944 421 2001 illorum
443 1942 582 1999 erroribus
611 1939 817 2003 lucreticorum3
835 1934 934 2005 quinque
954 1932 999 2003 qni
1019 1944 1112 1986 reram
1165 1941 1277 2013 gentiles
1291 1941 1410 2012 lapidum
1434 1942 1532 2000 ictibus
1552 1942 1705 2001 obruebant
1724 1942 1888 2013 Christianos,
1902 1950 1934 1999 art

312 2038 411 2094 Christi
425 2037 574 2093 doctrinam
595 2034 631 2089 ita
644 2039 836 2101 corruperant,
856 2036 887 2084 ut
901 2042 951 2083 aec
965 2027 1025 2097 ipso
1037 2022 1112 2080 chri·
1165 2036 1241 2093 γίγας
1255 2038 1412 2094 effluebant,
1604 2091 1609 2105 ¹

312 2133 460 2189 arianorum
477 2130 587 2186 nomine
601 2128 673 2199 digai
686 2124 859 2182 haberemur.
946 2152 954 2164 ·
1201 2126 1242 2183 bd
1256 2127 1361 2200 singula
1384 2134 1473 2185 autem
1495 2144 1590 2187 corum
1605 2129 1743 2203 'supplicia
1766 2137 1794 2187 at
1812 2132 1931 2198 renisam,

348 2211 1111 2289 'lertirtmtutuderneretchristianorumgenus,quiltdei
1165 2219 1284 2275 modain
1309 2220 1423 2288 insulas,
1452 2222 1539 2293 inquit
1564 2224 1666 2279 Auctor
1694 2214 1794 2291 noster,
1822 2224 1932 2293 rclsqanta

311 2338 368 2383 sum
380 2321 533 2379 desertores
542 2327 569 2374 et
581 2324 722 2389 apostate,
734 2312 767 2368 ad
779 2310 996 2384 impiosdcorum
1010 2308 1110 2374 cultus,
1164 2308 1261 2380 (ibid,
1277 2328 1336 2384 aaa.
1349 2313 1392 2379 li,
1408 2329 1434 2385 ρ.
1447 2314 1523 2386 hlll;
1535 2314 1582 2370 sed
1593 2314 1653 2370 aliis
1664 2330 1733 2372 sane
1742 2315 1859 2371 omnibus
1869 2314 1932 2369 uriom

310 2426 437 2489 tanquam
450 2427 530 2469 canes
543 2410 576 2466 od
592 2409 732 2475 sorentum,
747 2405 849 2461 reversi
864 2404 979 2459 lucrant.
991 2400 1045 2458 Sed
1055 2400 1111 2457 iro·
1162 2412 1222 2460 erat
1236 2402 1295 2460 hoec
1314 2403 1401 2461 exsilii
1423 2418 1502 2476 poena
1516 2422 1523 2461 ε
1539 2406 1616 2461 muas
1635 2406 1662 2462 ia
1687 2408 1791 2463 metalla
1812 2408 1932 2461 dammam

311 2519 366 2564 stra
385 2506 484 2561 ethnici
505 2519 540 2559 es
553 2502 650 2557 borum
675 2506 859 2571 apostatarum
880 2496 995 2552 crimine
1011 2494 1111 2565 aliquid
1164 2496 1264 2570 (ibid,
1279 2498 1392 2571 cauli,
1406 2517 1434 2572 ρ.
1447 2498 1524 2574 dil),
1540 2501 1574 2558 ad
1587 2516 1619 2557 ea
1633 2502 1760 2558 nimirum
1775 2504 1931 2559 maximorum

310 2600 439 2657 aduersos
452 2598 625 2653 christianam
638 2592 794 2664 ieligioncm
808 2588 1111 2661 inlerripossearbitra·
1162 2592 1255 2650 labore
1274 2578 1437 2651 ellodienda.
1462 2596 1574 2653 Plurimi
1599 2612 1664 2654 cero
1684 2598 1896 2655 contradebantor
1913 2596 1931 2651 in

310 2690 416 2749 battltll.
442 2689 509 2745 Natn
525 2688 570 2760 qui
593 2685 683 2742 (ialam
698 2684 807 2740 Citrisio
829 2683 909 2737 iidem
932 2680 1109 2749 vidirtt'dl'hnl,
1163 2686 1457 2755 irorrendnscaroeres,
1474 2690 1561 2747 inedia
1576 2689 1688 2749 eqfqme
1703 2688 1931 2755 cqqsqmeqdi,qisi

309 2800 365 2841 non
388 2791 465 2839 eraot
478 2780 593 2850 amulius
605 2777 756 2843 christiani,
774 2791 824 2831 nec
843 2783 969 2847 poterant
991 2776 1043 2829 hac
1063 2789 1111 2848 ap·
1162 2780 1217 2847 alii,
1242 2791 1270 2837 ut
1293 2796 1372 2852 soora
1385 2782 1511 2848 diximus,
1533 2782 1678 2842 Christiani
1701 2788 1742 2843 eis
1763 2782 1932 2857 opiturlatilais·

1987 2446 1992 2745 q

309 2876 403 2951 pettari
418 2875 535 2929 neruine.
548 2866 1110 2942 QuuumnbrensTertuulttaousetbnicoshis
1161 2882 1232 2929 seuit.
1251 2872 1304 2930 Sed
1331 2875 1388 2933 lma
1412 2876 1594 2934 tertullianus
1616 2880 1643 2934 ln
1665 2892 1718 2933 suo
1740 2878 1810 2935 breui
1831 2875 1930 2949 quiden,
1990 2942 1991 2947 γ

309 2969 400 3027 serbis
421 2965 565 3038 currrrpcllat
585 2982 591 3020 τ
614 2962 750 3038 Ejusrrrodi
766 2965 880 3018 hartuinus
900 2978 981 3034 neque
1002 2979 1106 3035 conque·
1161 2967 1209 3023 sed
1230 2968 1371 3025 excellenti
1392 2970 1426 3026 ad
1454 2970 1582 3041 llartyres
1610 2971 1680 3027 libro
1704 2971 1789 3028 fusius
1816 2967 1928 3042 prosequi·

308 3072 381 3136 quat,
395 3077 475 3133 aeque
486 3058 640 3131 participant
653 3058 793 3123 nobiscum,
809 3057 871 3131 [acti
884 3067 940 3125 post
954 3056 1046 3111 delicta
1065 3056 1110 3111 de·
1162 3067 1205 3115 tur
1231 3058 1338 3130 iidem,
1366 3060 1411 3117 tit.
1432 3061 1467 3116 ad
1482 3060 1592 3136 llartqr.
1602 3063 1623 3138 ).
1637 3064 1771 3122 Praeterea
1786 3060 1929 3137 requiiscit,
1992 3082 1993 3121 t

308 3172 360 3210 aruo
380 3155 466 3219 uestri,
490 3152 592 3225 quando
617 3169 648 3207 aa
662 3152 714 3207 illis
731 3150 834 3224 quidem
858 3153 1020 3218 traicerentur,
1045 3168 1109 3225 quos
1161 3152 1284 3209 aleraditis
1308 3154 1388 3209 latera
1408 3154 1605 3211 clnu'stiarroram
1627 3154 1727 3227 (idem,
1741 3157 1874 3232 Apolaqet,
1887 3170 1929 3225 aaa.

307 3260 389 3305 uestra
401 3250 447 3316 uis,
462 3258 537 3321 atque
550 3248 647 3304 sevitio
659 3247 693 3303 aa
705 3245 850 3318 acuendam
860 3244 1107 3319 subcqit,(Tertalt.,
1122 3247 1145 3312 (ζ
1162 3242 1206 3309 lb,
1233 3262 1260 3317 ρ.
1274 3244 1350 3315 559).
1377 3244 1488 3317 Ungula·
1502 3256 1590 3304 antem
1607 3246 1691 3304 lerrea
1705 3258 1784 3306 eram
1796 3249 1929 3305 instrumen-

307 3342 353 3399 lib.
363 3341 373 3396 l
384 3342 418 3396 ad
433 3340 509 3409 llas„
522 3358 580 3413 cap.
597 3340 637 3412 5).
651 3339 736 3408 Quium
750 3349 839 3394 alutem
852 3338 904 3393 hoe
917 3353 1009 3393 rerum
1027 3336 1062 3393 sit
1076 3354 1110 3395 ex
1162 3347 1336 3411 anteaquam
1353 3338 1469 3396 serarum
1484 3356 1586 3413 ungues
1599 3338 1740 3411 fabricata,
1752 3342 1841 3413 quibas
1853 3335 1929 3396 ethnici

306 3434 340 3491 iis
358 3434 538 3507 trususquisqne
553 3434 631 3489 lacile
646 3432 787 3502 intelliget,
804 3445 863 3503 qaae
883 3430 1035 3503 Cyprianus
1048 3430 1108 3487 alii·
1163 3431 1929 3502 lateraChristianorumsulcabantetdilaniabunt.Quaa·
1993 3442 1994 3451 ¹

306 3526 359 3601 qne
381 3528 483 3599 antiqui
505 3528 651 3597 scriptores
674 3525 759 3580 nostri
776 3526 913 3581 memorius
933 3523 1003 3579 lraod
1024 3525 1128 3607 semet
1161 3525 1254 3581 olrrem
1273 3526 1320 3583 ille
1342 3536 1435 3599 postea
1453 3527 1540 3584 dixit:
1556 3526 1614 3585 Nos
1639 3531 1674 3584 aul
1686 3527 1770 3587 Deera
1791 3530 1817 3585 in
1840 3523 1929 3599 equuleo

306 3620 482 3695 prodiderunt
494 3620 528 3677 de
541 3619 634 3691 lapsis,
654 3619 699 3689 qui
718 3628 894 3691 tymauoram
909 3618 991 3674 minis
1003 3627 1031 3675 et
1045 3634 1108 3675 cru·
1162 3618 1232 3673 lraud
1255 3619 1346 3688 dubie,
1362 3630 1408 3675 aut
1421 3620 1473 3675 alia
1494 3622 1575 3677 simili
1599 3622 1744 3692 machina,
1764 3636 1876 3697 mamas
1890 3636 1929 3673 rr-

307 3716 420 3772 ciatibus
434 3714 609 3771 christianam
633 3712 712 3768 isdem
727 3713 908 3784 ejurarerartt.
925 3711 979 3769 Sed
1000 3713 1035 3768 de
1055 3714 1108 3769 illis
1160 3711 1229 3783 attia
1242 3711 1340 3784 [adiurat
1353 3710 1448 3785 (laia,
1460 3728 1519 3787 cap.
1530 3711 1575 3782 50,
1587 3732 1614 3787 ρ.
1625 3714 1701 3788 tlt).
1712 3715 1863 3773 Prudetrtitts
1872 3713 1927 3771 caint

306 3806 638 3881 opportuniordlspotandi
649 3805 723 3862 locus
732 3804 936 3861 nobisdabitor.
948 3804 1033 3860 Recte
1043 3820 1108 3877 ergo
1160 3806 1274 3863 canebat
1288 3825 1296 3864 a

307 3905 492 3980 Tertullianus
500 3903 621 3959 ellinicos
636 3916 729 3956 rursus
750 3900 925 3972 alloquendo,
944 3900 984 3955 sic
996 3900 1109 3956 concla-
1251 3920 1418 3975 qncensqsqqs
1428 3922 1588 3988 mqepqqde,
1595 3925 1704 3991 jumen,

306 4000 345 4056 dit
360 4016 367 4054 ε
384 3997 447 4055 Siuc
459 4013 549 4051 caussa
559 3997 618 4050 iilos
629 3996 724 4049 vocatia
738 3994 901 4061 christianos,
917 4008 980 4065 quos
991 3992 1043 4065 ipsi
1061 4008 1106 4047 ae·
1253 3986 1444 4037 Etlscerattdutn
1452 4001 1550 4061 eornm,
1563 3990 1672 4063 equuleo
1685 3993 1782 4043 ominus

306 4102 368 4167 quat
380 4092 523 4171 christiani,
537 4090 581 4160 qui
600 4106 637 4155 ue,
651 4088 728 4143 idest
744 4087 838 4143 Christi
849 4086 929 4152 fleret
943 4102 1037 4157 neqare
1056 4102 1108 4143 ααα
1251 4048 1377 4187 Pesslffi’
1391 4060 1418 4185 ῑι
1427 4053 1653 4187 {mniumque
1666 4067 1791 4107 ‘’few‘'

306 4193 400 4239 suorum
414 4184 423 4255 q
435 4182 503 4237 ibid.
513 4180 534 4255 ).
552 4178 613 4237 ieri
628 4178 760 4250 siquidem
775 4178 924 4247 christiani,
945 4178 1107 4249 quibuslibet
1282 4137 1294 4199 i
1317 4149 1330 4187 r
1366 4147 1415 4187 ‘u'
1471 4141 1694 4191 mmmm·
1709 4139 1754 4193 ¹⁰⁷
1767 4144 1788 4195 α
1799 4136 1870 4205 “iii

306 4275 449 4333 dirissimis
469 4274 610 4330 tormentis
622 4271 723 4339 uexati,
742 4272 896 4327 christianas
909 4271 1047 4344 religionis
1060 4287 1107 4329 re·
1193 4266 1368 4339 Prosequitur
1393 4268 1574 4327 Tertullianus
1595 4270 1661 4328 :tat
1675 4270 1767 4329 bestias
1789 4268 1926 4343 impellimur,

305 4372 413 4429 ritatem
428 4368 462 4423 ad
476 4367 688 4424 crudelissimam
713 4382 798 4438 usque
812 4366 1025 4423 internecionem
1039 4383 1105 4424 corr·
1157 4361 1214 4418 site
1229 4362 1272 4431 iis,
1288 4377 1348 4434 quae
1361 4377 1411 4419 nos
1426 4362 1567 4433 devorent,
1584 4364 1611 4420 in
1627 4366 1734 4423 tbeutro
1747 4366 1892 4437 objicimur:
1907 4356 1928 4413 lt

208 4522 218 4538 ,
305 4468 470 4525 storrtissime
484 4477 646 4533 asserentes,
671 4464 791 4536 anartyrii
811 4458 938 4517 cororrani
953 4478 1104 4533 conseque·
1156 4470 1206 4511 ¹¹⁰⁸
1219 4455 1314 4523 inlidi
1330 4455 1398 4511 Sicu!
1418 4466 1510 4526 postea
1530 4456 1682 4529 disclilssib
1703 4460 1817 4515 sutilium
1831 4448 1927 4531 imi·

305 4561 414 4618 huntur.
430 4559 481 4618 Sed
497 4560 560 4633 quid
576 4560 609 4615 dc
626 4558 668 4621 lais
679 4558 856 4614 sanctissimis
872 4556 1035 4630 martyribus
1047 4557 1104 4614 bu·
1155 4546 1301 4619 Apoloqet„
1315 4564 1373 4620 ΜΡ.
1388 4544 1433 4614 ¹2.
1443 4566 1503 4623 aaa.
1517 4549 1588 4617 hll;
1608 4550 1683 4616 itta„
1699 4567 1757 4623 cap.
1768 4550 1811 4615 ab,
1825 4568 1850 4623 a·
1861 4538 1926 4611 ii5i·

305 4665 363 4713 ctor
375 4664 467 4713 nostor
483 4653 630 4723 tradiderit,
643 4652 698 4725 jam
712 4650 910 4724 explanandam
925 4660 976 4707 est.
1115 4652 1142 4713 1)
1155 4643 1240 4713 Quium
1255 4643 1382 4715 frequens
1394 4652 1484 4699 autem
1496 4642 1576 4699 luerit
1591 4643 1655 4700 illud
1664 4642 1868 4701 Christianorum
1878 4648 1927 4704 tut·

601 4769 715 4829 CAPUT
735 4766 805 4825 χαι.
1154 4738 1264 4807 plicium
1286 4737 1349 4793 inde
1370 4736 1491 4809 colligas,
1514 4735 1586 4808 quod
1609 4738 1634 4792 in
1659 4739 1733 4793 ornnl
1754 4736 1852 4809 publica
1868 4726 1927 4786 cluit

611 4889 618 4902 .
645 4890 651 4902 .
665 4863 670 4883 ¹
689 4888 695 4901 .
822 4885 828 4897 .
1154 4831 1245 4887 statim
1257 4832 1382 4903 gentiles,
1396 4832 1465 4888 sicat
1477 4831 1565 4889 aditure
1578 4832 1623 4889 ills
1639 4832 1837 4897 testificabatur,
1849 4826 1927 4883 clama·

512 4891 552 4947 De
563 4890 708 4947 mmmm
721 4885 886 4958 mmmmm
1154 4926 1227 4995 hant,
1244 4926 1401 4982 Christianos
1419 4926 1454 4981 aci
1468 4925 1565 4982 leonem
1577 4926 1671 4997 (lita,
1687 4942 1745 5002 cap.
1760 4926 1810 4992 tlt,
1824 4944 1849 4998 p.
1861 4914 1926 4986 tttl·

567 5040 837 5088 narremus‘ranrus.
1153 5018 1214 5075 Alio
1227 5030 1317 5075 antem
1332 5022 1359 5074 in
1374 5018 1458 5086 libro,
1474 5019 1518 5075 obi
1538 5020 1708 5079 ethnicorum
1726 5028 1865 5077 conuentus
1876 5022 1926 5067 ert·

304 5168 608 5244 Quibusaaquamooriis
620 5166 803 5238 maeretque
817 5162 1102 5223 cruciatibasClrristitt·
1152 5114 1219 5185 gum
1241 5123 1269 5171 εἰ
1283 5113 1465 5169 mndemnat’
1482 5112 1552 5181 '‘ii‘’
1569 5113 1672 5186 ⁵¹¹q¹¹i²¹
1694 5116 1722 5171 ‘²¹
1745 5130 1790 5170 ¹²⁰⁸
1810 5098 1927 5184 immi

337 5266 366 5319 „f
379 5264 410 5319 ,q
422 5264 528 5319 „1chss
541 5268 725 5332 ,ormam
747 5267 772 5315 e,
786 5257 993 5315 mmmm:
1007 5274 1039 5315 π
1055 5274 1101 5315 cm
1151 5209 1235 5265 leones
1248 5208 1443 5285 expostulantes
1458 5205 1561 5280 (laima,
1574 5208 1619 5265 lib.
1639 5208 1672 5265 de
1682 5208 1809 5283 Spectas„
1820 5222 1871 5277 cap.
1881 5193 1926 5269 iil.

350 5358 358 5376 ,
664 5354 679 5365 ,,
765 5352 805 5365 ,,
1079 5340 1084 5345 -
1151 5298 1254 5359 llorsrrs
1281 5301 1344 5357 alibi
1378 5310 1515 5358 asseverat
1537 5300 1637 5358 Glrristi
1670 5302 1761 5360 hostes
1791 5298 1838 5357 sub
1866 5289 1925 5367 pedi·

338 5358 512 5423 ³⁰'''¹²”¹'⁶¹²’
525 5364 548 5411 α
564 5354 843 5411 &mmmmm
881 5410 901 5435 0
1151 5392 1200 5449 bos
1223 5396 1281 5465 eius
1299 5395 1354 5465 jam
1382 5408 1441 5452 csse
1460 5396 1632 5466 constitutos,
1648 5397 1722 5452 omrai
1741 5394 1824 5452 adbuc
1837 5384 1926 5463 pupula·

334 5496 413 5553 Nolla
428 5495 522 5568 procul
541 5490 844 5551 ulurbiodbristianorum
857 5492 942 5549 rtrum
956 5492 1041 5565 magis
1055 5506 1097 5549 re·
1148 5487 1215 5543 rium
1224 5497 1289 5544 coetu
1297 5488 1424 5545 clamante
1435 5488 1592 5546 Cirristianos
1603 5490 1638 5546 aci
1650 5488 1746 5546 leonem
1756 5486 1844 5563 (hient,
1855 5480 1893 5536 lii.
1901 5475 1925 5529 du

300 5590 383 5658 lulsit,
395 5605 476 5663 quant
491 5588 665 5645 invictissima
684 5588 711 5643 in
735 5586 880 5644 tolerandis
894 5602 943 5661 pro
957 5584 1097 5657 religionis
1150 5582 1294 5641 desumat.
1324 5597 1409 5649 carm,
1432 5596 1489 5655 cup.
1511 5580 1548 5637 22
1561 5582 1583 5656 ).
1605 5582 1673 5652 Qurid
1695 5582 1794 5656 plural
1811 5566 1925 5636 Castitatis

298 5698 355 5743 suae
369 5683 526 5740 detersione
538 5681 675 5755 suppliciis
689 5682 816 5753 patientia
829 5724 837 5750 ,
853 5680 1002 5737 constantia
1015 5688 1096 5750 acque
1148 5676 1272 5733 osoribus
1286 5676 1425 5734 denuntiat
1438 5678 1583 5734 timendum
1597 5694 1651 5735 rron
1664 5694 1725 5737 esse
1736 5696 1767 5736 ae
1778 5693 1827 5733 aon
1837 5652 1924 5735 ansusi

299 5774 436 5832 lortitudo.
450 5776 554 5847 Quanto
567 5776 639 5836 enim
652 5774 747 5846 majori
762 5774 876 5831 ethnicis
889 5774 924 5829 olr
937 5784 1042 5845 spretas
1054 5773 1095 5826 la·
1147 5768 1297 5841 amiemcnt,
1313 5770 1469 5828 Christianos
1481 5770 1516 5827 ad
1533 5774 1631 5828 leonem
1650 5772 1661 5848 (
1675 5772 1758 5839 taem,
1778 5768 1877 5826 earm.
1892 5752 1920 5814 li

298 5861 497 5942 belactatasqae
509 5884 601 5929 eoram
616 5867 760 5941 religiones
773 5868 835 5926 odio
850 5877 937 5939 erant,
954 5874 1096 5925 tantocru·
1114 5899 1120 5909 ·
1149 5872 1225 5937 cara,
1249 5878 1308 5937 aaa.
1331 5860 1366 5924 lb
1379 5862 1402 5940 ).
1416 5864 1504 5940 aqua
1524 5866 1561 5926 lta
1580 5866 1775 5928 conclamatum
1788 5870 1828 5925 ast
1845 5856 1925 5917 aittl‘
