4084 6334
250 156 323 216 stret
788 152 824 212 tlt
844 152 1077 213 nnetbsttsttt
1096 151 1366 214 snobocsttcttu
1832 157 1904 215 lillis

247 290 267 328 a
281 271 385 330 Nerone
398 271 547 326 dmnnnmrn
568 267 791 342 (idemtidem).
823 267 877 325 Sed
898 268 955 325 baec
972 268 1052 341 paulo
1065 270 1239 333 baubantur
1252 284 1325 328 uano
1334 270 1495 337 edictorum,
1511 272 1544 331 ab
1555 272 1598 331 bis
1610 272 1819 347 imperatoribus
1830 274 1908 331 doto-

132 378 136 383 ’
249 364 337 425 insius
357 364 526 438 prosequitur
547 362 574 418 in
596 376 647 418 sno
671 360 706 415 od
732 359 857 418 Nationes
884 362 975 418 libro:
996 362 1053 419 Sub
1104 379 1176 431 rum,
1190 373 1320 436 pretextu
1335 380 1411 421 suam
1424 366 1450 422 iu
1461 362 1629 424 Christianos
1643 382 1776 427 excusare
1787 368 1907 426 crudeli·

249 457 366 523 Nerone,
381 456 475 527 inquit,
490 454 621 510 mornatio
634 452 753 520 iuuabit,
764 465 793 509 at
803 456 862 525 iona
876 454 936 513 binc
948 456 980 511 dc
991 472 1053 527 per·
1105 465 1198 513 tatem.
1215 464 1250 513 dt
1269 457 1304 514 de
1326 466 1440 531 utroque
1461 458 1509 515 illo
1533 460 1696 531 imperatore
1712 460 1865 517 Domitiano
1880 470 1909 519 et

250 547 317 609 sona
328 549 494 623 persecutoris
507 547 662 621 ponderetis.
679 546 710 603 Si
728 548 787 618 pius
800 548 846 603 ills
858 549 986 619 princeps,
1001 549 1053 603 inr-
1104 549 1222 618 Nerone,
1234 559 1261 606 et
1275 560 1408 607 commota
1421 550 1550 609 adsersus
1559 552 1728 609 Christianos
1739 554 1908 625 perseeutio-

251 643 291 715 pr'i
309 643 501 710 Cirristiuni3ss'
521 642 620 714 janus,
645 642 668 697 ri
693 650 787 707 costas,
807 641 898 709 iniusti
917 651 941 696 et
965 641 1054 696 incesti
1105 656 1151 711 ne,
1180 644 1207 698 in
1234 641 1286 698 alia
1312 642 1503 699 dissertatione
1516 643 1714 714 disputabimus
1736 643 1907 718 (infr-,cup

250 738 410 804 Gnatum
424 737 447 793 si
460 752 511 791 non
527 736 606 792 bostis
620 734 748 807 publicar,
761 751 808 790 nos
831 733 926 803 publici
948 735 1032 789 bostes
1044 750 1054 801 ,·
1105 732 1151 797 lb,
1174 743 1224 790 ort.
1251 734 1279 802 5,
1307 732 1416 790 Dimcrt.
1441 734 1469 789 in
1491 732 1556 791 Luc.
1579 733 1666 791 cecil.
1693 751 1752 807 cop.
1771 736 1798 805 6,
1820 738 1906 793 utel
2011 805 2012 808 Ἴ

248 833 340 907 quoles
371 832 452 887 dorus
480 830 617 885 anatot
647 828 693 884 itte
725 827 927 893 demonstrarit,
967 827 1055 897 utique
1106 825 1192 898 αἱ).

247 925 360 989 oemrlu,
390 923 417 979 id
449 929 502 990 est,
527 920 679 977 contrarias
704 920 829 991 pessimis
856 921 914 976 suis
933 919 1054 976 moribus
1141 916 1285 983 Ceterum,
1300 917 1323 973 si
1342 916 1370 973 lri
1389 918 1443 975 duo
1456 919 1612 992 nequissimi
1633 919 1811 991 imperatores
1825 935 1908 992 qnas-

245 1018 361 1074 sirtutes
372 1016 490 1088 medens.
505 1010 540 1069 Et
561 1024 646 1069 umen
660 1014 815 1085 pennensis,
829 1014 1052 1079 erosisomnibar,
1105 1012 1167 1068 darn
1191 1008 1327 1069 aduersus
1343 1012 1513 1071 Christianos
1534 1014 1705 1093 sanciverunt
1727 1014 1909 1085 iniquissimas

245 1111 296 1165 boc
316 1108 400 1165 solnm
412 1108 557 1163 metretam
572 1106 761 1173 Neronianum,
772 1106 873 1179 justum
891 1106 1008 1178 deniqne,
1025 1114 1054 1161 ut
1106 1103 1197 1175 leges,
1212 1112 1320 1161 constat
1332 1119 1399 1161 sane
1413 1105 1497 1173 alios,
1513 1104 1559 1176 qui
1573 1105 1662 1161 medio
1675 1106 1748 1163 inter
1763 1114 1908 1179 utrumque

214 1219 221 1231 ⁸
246 1200 373 1257 mentite
381 1199 424 1255 sai
438 1199 550 1257 auctoris
563 1197 662 1271 (idern,
677 1198 747 1256 libi
766 1200 802 1255 cd
816 1197 937 1267 Notion,
951 1216 1009 1271 cap.
1025 1200 1052 1268 7,
1106 1206 1239 1271 ternpore,
1254 1198 1297 1255 sel
1310 1206 1369 1269 post
1383 1198 1564 1255 Domitianum
1578 1198 1611 1255 ad
1625 1198 1784 1256 Tertulliani
1795 1209 1906 1258 eutem
2010 1204 2011 1229 ³

246 1312 277 1367 p.
292 1292 375 1363 bb'l).
1106 1304 1269 1363 regnavere,
1286 1300 1332 1346 aut
1353 1288 1523 1347 Christianos
1540 1306 1593 1347 nun
1607 1292 1767 1358 resarisse,
1784 1302 1831 1348 aut
1844 1292 1909 1364 ipsis

284 1384 344 1442 Nun
357 1392 482 1457 poterant
500 1382 580 1454 igitur
592 1381 706 1455 gentiles
718 1380 880 1440 Christianis
892 1384 1010 1456 objicere
1024 1398 1054 1441 se
1105 1379 1213 1447 lavisse,
1231 1390 1278 1438 aut
1292 1382 1363 1439 nulla
1379 1381 1474 1439 tulisse
1486 1391 1581 1439 currtra
1596 1382 1657 1439 illos
1677 1382 1782 1452 edica,
1796 1384 1845 1442 sed
1858 1398 1908 1457 po·

245 1477 354 1549 legibus
379 1477 414 1533 ab
428 1476 588 1547 impiissimo
615 1476 662 1531 illo
691 1486 804 1549 tyranno
823 1476 895 1533 datis
908 1476 1051 1549 obstringi.
1105 1474 1159 1531 tius
1176 1474 1265 1546 priora
1284 1472 1481 1531 emendavisse.
1501 1474 1587 1543 Quom
1600 1485 1691 1532 autern
1706 1475 1733 1532 id
1745 1485 1849 1533 certum
1861 1478 1908 1543 sit,

245 1570 338 1630 Prima
361 1570 461 1641 quippo
483 1570 526 1625 les
551 1569 578 1624 in
592 1583 641 1625 eos
655 1569 758 1625 sancita
772 1568 885 1637 abillo,
900 1569 947 1642 qui
971 1571 1053 1626 tantis
1104 1582 1235 1639 agnosces
1250 1568 1369 1639 proiecto
1384 1566 1426 1623 lais
1440 1567 1597 1623 Tertulliani
1619 1567 1717 1635 verbis,
1734 1569 1832 1639 quibus
1844 1569 1905 1625 etb-

245 1672 358 1734 tamque
377 1660 520 1717 horrendis
540 1658 691 1717 sceleribus
709 1659 839 1718 inlamem
862 1662 944 1717 ritant
960 1662 1057 1739 duxit,
1073 1662 1187 1735 Bnicos
1200 1662 1241 1718 sie
1254 1671 1383 1733 prouocat
1403 1681 1410 1717 :
1430 1646 1470 1717 lle
1483 1670 1520 1717 tot
1534 1662 1626 1717 eairrde
1638 1660 1799 1733 principibus
1812 1663 1847 1717 od
1859 1664 1908 1717 bo-

245 1754 422 1815 manifestum
429 1764 511 1828 scerte
524 1753 651 1812 omnibns
671 1754 735 1811 lecit
754 1771 834 1827 quarn
848 1765 953 1813 castum
968 1765 997 1812 et
1013 1758 1056 1812 in·
1110 1752 1242 1819 dierorum,
1256 1754 1372 1809 diuinum
1390 1756 1578 1824 trementemque
1597 1754 1765 1825 rapientibus,
1779 1755 1846 1811 edite
1862 1756 1910 1811 oli·

249 1863 354 1907 nocens
362 1847 647 1905 erntcbristtanorum
657 1848 763 1906 uiuendi
771 1864 867 1921 genus.
878 1849 983 1907 Deinde
992 1864 1058 1906 uero
1108 1862 1183 1919 quern
1200 1846 1380 1903 debellatorem
1393 1844 1599 1902 Christianorum
1613 1844 1797 1917 (Turullium,
1815 1848 1910 1919 Apolo-

244 1939 293 1997 ille
306 1940 439 1997 bonorum
455 1938 577 1994 ornerinm
592 1938 677 1995 bostis
691 1938 901 2007 intensissimus,
917 1940 988 1996 nibil
1002 1941 1055 1997 nisi
1107 1950 1172 2012 qen,
1183 1957 1242 2012 cop.
1256 1941 1283 2005 5,
1297 1957 1326 2013 p.
1337 1938 1414 2011 aut).
1428 1939 1485 2007 Qua
1497 1940 1733 2008 autem,obsecro,
1749 1939 1836 1997 irontc
1848 1940 1909 1997 etlr·
2010 1998 2011 2005 ,

246 2031 350 2088 bonurn
368 2041 396 2088 ct
410 2046 518 2102 aequurn
532 2029 687 2087 damnabat.
705 2032 813 2090 Etlmlci
832 2047 897 2105 ergo
915 2032 1055 2104 iniquissi·
1108 2033 1184 2088 nicos
1199 2042 1271 2087 tunm
1286 2032 1430 2089 securitate
1454 2032 1616 2105 compellare
1632 2032 1768 2101 audebat,
1788 2031 1840 2090 uisi
1858 2032 1909 2089 boc

246 2126 302 2183 urb
316 2125 375 2197 eius
390 2125 495 2197 legibus
508 2140 644 2197 nunquam
661 2125 746 2183 teneri
766 2136 907 2199 poterant;
927 2143 960 2185 ac
974 2127 1054 2185 Cbri·
1107 2125 1203 2182 luisset
1226 2127 1395 2184 verissimum
1404 2126 1422 2197 l·
1430 2126 1465 2181 Et
1478 2136 1553 2183 certe
1566 2126 1731 2193 blelitonenr,
1745 2128 1780 2183 ab
1794 2128 1909 2185 Eusebio

244 2218 329 2276 stiani
340 2218 403 2291 jure
414 2218 513 2274 merito
528 2217 606 2274 seab
620 2218 730 2275 bomine
745 2229 799 2274 tarn
812 2218 897 2290 impio
911 2220 1055 2277 damnatos
1106 2220 1218 2275 citatum
1234 2216 1355 2293 (Euseb,
1371 2218 1415 2273 lib.
1445 2217 1479 2274 lT
1495 2216 1596 2273 tientes.
1626 2216 1709 2284 Hire,
1735 2235 1795 2291 cap.
1817 2218 1862 2283 tc,
1877 2238 1908 2291 p.

243 2324 308 2369 esse
320 2309 514 2383 gloriabantur.
528 2309 650 2381 lienique
662 2325 710 2367 sua
726 2310 893 2368 crudelitate
906 2320 935 2368 et
948 2310 1055 2367 inaudi·
1085 2302 1184 2383 litt),
1196 2326 1229 2367 ac
1244 2312 1334 2381 plores
1349 2310 1429 2378 alios,
1441 2311 1511 2367 sicut
1523 2310 1585 2367 alibi
1604 2312 1773 2369 ostendimus
1787 2310 1906 2387 (librare

248 2404 287 2461 tis
301 2402 432 2461 hactenus
451 2400 560 2473 llagitlis
579 2400 684 2458 lrorrori
705 2402 831 2459 omnibus
852 2403 922 2460 adeo
941 2402 1002 2471 luit,
1024 2405 1054 2459 ui
1105 2402 1134 2457 in
1146 2401 1209 2457 Luc.
1226 2401 1318 2471 decii,
1347 2417 1406 2474 cup.
1422 2402 1450 2468 6,
1464 2411 1515 2456 art.
1541 2402 1581 2474 5),
1596 2400 1689 2457 habirit
1702 2418 1758 2458 sue
1772 2402 1902 2475 suffraga-

245 2505 343 2552 snneta
366 2494 427 2565 eius
447 2502 621 2550 monumenta
647 2493 742 2551 abrasa
771 2494 924 2566 abolitoque
943 2494 1051 2552 luerint.
1105 2502 1180 2551 tores
1194 2501 1222 2550 et
1235 2502 1363 2565 patronos
1377 2493 1530 2560 sententie,
1547 2508 1626 2564 quam
1641 2493 1698 2565 ipse
1711 2492 1799 2551 adhuc
1812 2494 1908 2551 coudr-

243 2588 314 2647 llam
327 2604 343 2645 s
356 2599 463 2657 senatu,
476 2598 507 2647 ut
519 2590 558 2647 ait
571 2589 729 2659 Suetonius,
744 2590 830 2647 bostis
844 2590 966 2663 publicus
974 2588 1049 2661 judi·
1104 2595 1171 2657 mat,
1187 2586 1225 2643 uti
1240 2600 1272 2645 es
1286 2584 1461 2659 sequentibus
1474 2584 1719 2657 articulispatcbit.

246 2690 326 2737 catus
336 2690 389 2749 cst,
403 2696 535 2753 moreque
548 2679 683 2753 majorum
696 2682 850 2752 puniendus
865 2680 988 2755 (Sueten.
1004 2681 1050 2738 lib.

245 2769 292 2837 Vl,
308 2771 336 2827 in
351 2770 404 2827 Vit.
419 2769 540 2840 Neronis,
553 2771 568 2846 5
581 2772 639 2845 te).
654 2773 684 2829 ln
696 2773 788 2829 Dionis
798 2772 923 2845 Epitorne
937 2773 1050 2843 legimns
1728 2820 1730 2825 ,

246 2861 603 2930 smilitibnscomminutas,
616 2873 643 2919 et
653 2863 823 2935 dirutasejus
832 2872 935 2920 staturas
944 2862 1048 2936 (ilion,
1104 2838 1267 2923 ΕΙΡΙΙΙΙΙΙΙΙ
1278 2850 1364 2895 '‘¹¹⁰²’'
1376 2838 1481 2894 ’Μ’
1495 2839 1616 2895 ‘mun‘
1630 2839 1778 2896 ‘mam
1787 2841 1906 2911 '‘²me

246 2950 334 3024 Em,
346 2970 374 3024 ρ,
389 2952 465 3026 196),
478 2969 511 3011 ,0
524 2954 548 3010 ,q
560 2954 705 3012 plutarcho
715 2955 792 3021 fides,
807 2954 933 3026 spiculus
945 2957 1049 3028 gladia,
1138 2943 1275 3005 propterea
1303 2932 1405 3004 feccrit,
1428 2932 1496 2999 quar
1515 2930 1649 2985 clrrirtiuni
1672 2931 1767 2986 milites
1788 2934 1908 2987 aerini

246 3052 303 3111 ιω,
316 3044 349 3100 iis
366 3060 414 3117 W
425 3043 520 3102 urbem
531 3046 626 3118 nmis,
642 3047 669 3101 iu
690 3046 749 3102 5⁰¹0
763 3046 875 3104 obustus
887 3056 1050 3121 necatusque
1140 3026 1208 3097 ejas,
1222 3024 1265 3079 siti
1278 3031 1391 3090 enecato,
1406 3021 1511 3078 inrbrent
1526 3038 1577 3078 non
1587 3022 1642 3078 sine
1655 3039 1749 3095 nruqno
1759 3023 1906 3079 musculos

244 3132 297 3191 fuit
310 3132 508 3207 (marchum
525 3134 583 3191 pm
595 3136 694 3206 caum,
706 3135 836 3210 1111056).
1141 3112 1196 3169 lieo
1218 3113 1419 3185 impresserint,
1446 3130 1477 3168 uc
1497 3114 1624 3185 quomodo
1645 3114 1739 3168 iisdem
1762 3114 1906 3169 christianis

1410 2737 1557 2781 sustentes
1576 2739 1603 2778 ll.

284 3228 454 3300 tltquamnis
465 3226 566 3285 etlroici
580 3230 669 3284 omnia
680 3228 810 3299 ejusacta
831 3238 858 3285 et
870 3227 977 3287 decreto
990 3230 1053 3303 jure
1141 3224 1230 3280 l’oe'm
1245 3206 1377 3277 ΙΙΙΡΙΙΙΙΙ*
1397 3222 1449 3262 '¹⁰¹⁸
1469 3204 1621 3275 ‘imm‘
1642 3204 1687 3262 ἸΙ
1703 3206 1792 3277 ΡΙΙΙΙΙ
1810 3206 1907 3277 “⁵⁸⁹²“

245 3321 347 3379 merito
358 3319 528 3387 resciderint,
538 3335 614 3377 caeco
624 3330 713 3377 tamen
725 3319 833 3376 illorum
845 3321 873 3377 in
882 3321 1052 3380 Christianos
1141 3301 1212 3355 ⁸⁰⁶⁸·
1720 3364 1723 3369 .

247 3414 341 3472 iirrotc
355 3415 454 3473 lactum
468 3425 528 3484 est,
544 3426 582 3484 at,
597 3416 676 3470 erosis
690 3416 824 3483 erunibus,
839 3417 926 3473 solum
937 3418 1053 3477 Neronis
1140 3412 1248 3471 Ethniei
1263 3412 1449 3485 iniustissimis
1464 3412 1643 3483 pessimorum
1657 3412 1850 3483 imperatorum
1868 3410 1906 3467 le·

245 3507 277 3565 in
291 3506 352 3564 illos
364 3506 502 3563 decretum
518 3508 707 3579 pennenserit.
729 3507 781 3565 Sed
801 3508 984 3568 Tertullianus
1002 3526 1051 3568 eo·
1103 3507 1182 3581 gibus
1201 3506 1235 3563 ad
1255 3506 1420 3563 christianos
1434 3504 1665 3561 excarnilieandos
1677 3520 1711 3561 eo
1725 3504 1827 3576 majore
1845 3518 1905 3576 per·

245 3615 309 3658 rum
330 3598 462 3655 insaniam
479 3598 617 3655 irridendo
631 3599 736 3656 addidit
751 3618 758 3656 :
773 3599 876 3656 lunum
890 3602 1009 3673 quidem,
1025 3612 1052 3659 nt
1103 3601 1231 3657 versitate
1243 3595 1433 3664 abutebantur,
1443 3599 1748 3670 qnocertiusnorerant
1758 3598 1838 3669 lunge
1848 3613 1903 3655 ore·

247 3693 373 3749 dissimile
385 3693 426 3748 sui
438 3694 561 3761 auctoris,
575 3694 688 3761 lroccst,
704 3701 757 3749 tarn
770 3693 903 3767 iniquum,
915 3712 995 3768 quarn
1010 3697 1051 3768 ip-
1104 3692 1186 3751 liores
1206 3692 1291 3749 luisse
1315 3705 1380 3747 suos
1394 3692 1593 3762 imperatores,
1616 3690 1660 3761 qni
1675 3700 1722 3745 aut
1744 3691 1771 3746 in
1796 3690 1902 3747 illorum

245 3785 329 3843 simet
342 3785 427 3855 impio
439 3782 550 3850 Neroni,
564 3794 592 3842 et
601 3786 662 3842 aliis
673 3784 794 3842 nefandis
807 3787 867 3859 ejus
876 3786 956 3846 laetis
965 3804 998 3846 ac
1008 3788 1050 3846 le·
1102 3786 1215 3859 gratiam
1228 3784 1476 3851 ieceruntdoereta,
1487 3794 1636 3842 auteoruru
1650 3783 1770 3841 lautmss
1784 3784 1900 3853 luerunt,

244 3876 427 3951 gibussimile
442 3877 501 3933 luit.
1103 3887 1132 3935 et
1150 3877 1318 3935 delensores.
1345 3876 1504 3934 Nominibus
1528 3885 1619 3934 autem
1642 3878 1698 3934 suis
1722 3877 1902 3935 Tertullianus

285 3971 461 4043 Prosequitur
482 3970 667 4029 Tertullianus
687 3993 693 4028 :
712 3974 900 4031 Teutonereret
919 3975 1049 4033 domitie-
1103 3971 1164 4027 illos
1178 3972 1305 4043 appellat,
1320 3970 1367 4028 scd
1383 3986 1438 4026 non
1456 3980 1565 4027 serrato
1584 3970 1796 4043 uniuscuiusque
1819 3974 1903 4027 araus

245 4077 307 4127 nus,
322 4064 405 4133 portio
422 4061 810 4130 llleronisdecradelitotr,sed
825 4068 1051 4140 qnsetlromofu-
1103 4065 1208 4123 ordine.
1237 4061 1433 4122 Orditurenim
1452 4061 1570 4119 allarco
1585 4062 1713 4133 Aurelio,
1734 4079 1817 4135 qnern
1826 4064 1903 4121 Cirri-

246 4152 296 4206 eiie
309 4161 419 4222 ceptum
430 4154 568 4223 repressit,
585 4154 707 4209 restitutis
720 4155 806 4221 etiarn,
823 4157 1051 4229 quorrelepuoerut
1102 4158 1250 4214 stlanorurn
1272 4166 1441 4229 protectorem
1463 4156 1545 4211 luisse
1566 4164 1712 4213 asseverat.
1738 4156 1795 4213 Nec
1817 4157 1901 4223 ullus,

245 4242 423 4314 (Tertullum,
439 4244 584 4317 Apoloqet.,
596 4262 655 4317 cup.
670 4247 698 4312 b,
721 4264 750 4319 p.
768 4247 850 4319 res).
868 4248 971 4306 cinero
986 4264 1051 4307 sero
1102 4250 1198 4321 inquit,
1215 4265 1331 4322 unquam
1357 4248 1517 4306 diffitebitur
1533 4266 1540 4304 :
1558 4248 1590 4305 Si
1605 4249 1696 4304 littere
1711 4247 1784 4305 iilius
1808 4251 1903 4322 musk-

245 4336 310 4395 lraec
322 4336 403 4394 rerba
417 4352 506 4408 graece
526 4337 631 4393 reddita
645 4338 777 4396 Eusebius
796 4341 899 4408 retulit,
914 4341 1050 4414 aliumque
1101 4347 1160 4405 sinai
1172 4345 1335 4418 imperatoris
1349 4344 1523 4415 requirantur,
1534 4343 1624 4414 quibas
1644 4343 1716 4398 illurn
1734 4344 1902 4415 qennunirom

240 4438 344 4486 testem
353 4428 616 4501 ciutlllegesippunr,
627 4432 671 4502 qui
685 4434 823 4489 memoriae
834 4424 943 4491 tradidit
956 4434 1087 4535 Domi-D
1102 4441 1186 4507 sirius,
1204 4439 1404 4495 christianorum
1414 4438 1480 4508 [orte
1493 4436 1602 4491 nrilr'tnnr
1621 4438 1812 4509 precationibus
1825 4440 1901 4509 impr-

246 4522 365 4591 tianum,
382 4531 523 4595 postquam
538 4524 682 4579 rronrrullos
694 4524 795 4581 Christi
807 4537 936 4597 cognatos
949 4527 984 4585 de
997 4542 1047 4584 sua
1100 4542 1166 4587 troto
1176 4532 1272 4601 inibe,
1291 4530 1433 4587 discussam
1452 4539 1607 4585 contestatur
1617 4528 1798 4603 (Tertullian,
1808 4532 1901 4604 ripalo-

244 4616 351 4689 origine
364 4625 392 4674 ct
413 4616 534 4688 ejsudem
555 4616 654 4674 Christi
669 4635 751 4691 regno
765 4621 968 4693 interrogasset,
980 4622 1047 4680 nibil
1098 4635 1162 4698 get„
1177 4641 1235 4695 cup.
1247 4625 1274 4691 5,
1283 4623 1392 4696 pene).
1407 4622 1516 4679 Certum
1530 4623 1649 4694 quidern,
1664 4638 1695 4678 ae
1707 4623 1828 4680 unanimi
1842 4641 1898 4681 om·

246 4708 378 4766 adversus
387 4722 436 4765 eos
448 4710 575 4765 statuisse
587 4710 720 4781 asperius,
729 4710 777 4768 sed
790 4713 925 4770 dimisisse
933 4715 1046 4785 liberos,
1099 4720 1191 4787 nium,
1206 4719 1264 4774 sire
1285 4716 1437 4789 gentilium,
1462 4719 1519 4773 sive
1539 4714 1747 4773 christianorum
1769 4732 1900 4775 corrsensu

244 4816 280 4858 ac
294 4802 379 4859 misso
392 4801 480 4860 edicto
490 4804 691 4875 compescuisse
704 4817 866 4863 commotam
880 4810 908 4864 in
919 4808 1047 4866 christia·
1098 4814 1240 4885 probatum
1257 4822 1300 4870 est
1314 4812 1371 4869 baec
1389 4812 1550 4885 contigisse,
1569 4828 1630 4867 cum
1652 4813 1759 4869 llarcns
1773 4812 1899 4869 Aurelius

245 4908 290 4950 nse
318 4894 456 4966 religionis
480 4903 628 4953 sectatores
642 4906 650 4964 ;
667 4897 884 4969 persecutionem
898 4920 904 4955 :
917 4912 1047 4962 serenai-
1098 4908 1228 4965 aduersus
1242 4906 1392 4964 Germanos
1409 4921 1441 4962 ac
1459 4905 1597 4963 &roratas
1622 4914 1800 4978 pugnaturus,
1814 4906 1898 4963 aciem

244 5009 290 5041 een
304 4990 346 5041 tet
367 4994 550 5060 προστάγματος
567 4998 608 5047 etr
626 4995 691 5046 seete
717 5007 761 5055 sar
785 4982 921 5057 ἐκκλησίας
946 5002 1048 5067 troppis
1098 5001 1253 5059 instrueret.
1270 4998 1338 5055 Tum
1361 4998 1461 5069 qnippe
1473 4996 1532 5068 ejus
1556 4996 1666 5067 milites,
1686 4997 1732 5069 qui
1747 4998 1792 5054 siti
1804 5012 1899 5055 eneca-

244 5079 257 5148 Ι
267 5077 372 5146 Emito
386 5080 430 5135 ΙΙΙ·
450 5079 495 5138 ΙΙΙ·
514 5080 614 5137 &cleb
644 5082 766 5150 metor-2
781 5102 840 5158 cup.
854 5088 901 5159 20,
921 5108 949 5163 p.
976 5091 1012 5148 llll
1023 5091 1043 5163 l.
1097 5094 1210 5164 bantur,
1231 5095 1375 5165 impetrato
1386 5090 1496 5147 coelitus
1511 5090 1607 5155 imbre,
1623 5090 1738 5146 recreati
1760 5096 1833 5146 sunt.
1847 5087 1898 5145 Sed

243 5170 368 5245 lienique
380 5172 414 5229 de
428 5180 540 5244 utroque
555 5174 708 5231 Domitiano
733 5186 762 5234 et
785 5178 892 5237 Nerone
917 5180 976 5239 lraec
988 5183 1044 5239 Au·
1097 5186 1125 5243 in
1136 5186 1247 5244 dubium
1261 5185 1360 5258 aliquis
1371 5183 1478 5241 uocabit
1489 5194 1578 5239 utrum
1590 5184 1763 5241 ethnicorum
1773 5182 1815 5240 uel
1826 5181 1898 5239 clui-

242 5275 304 5324 etor
327 5274 420 5322 noster
442 5265 540 5336 adiecit
555 5285 563 5322 r
579 5266 654 5323 Tales
678 5286 777 5340 semper
799 5270 871 5329 nobis
891 5274 1046 5333 insecutores
1096 5280 1246 5336 stianornm
1264 5277 1389 5349 precibus
1400 5280 1527 5332 obtentus
1536 5275 1627 5333 luerin

240 5358 345 5428 inparti,
360 5356 445 5428 impii,
461 5365 557 5427 turpes,
570 5376 633 5430 quos
645 5370 668 5415 et
682 5362 742 5432 ipsi,
759 5378 807 5419 ros
828 5366 953 5436 gentiles,
967 5368 1043 5423 donr-
1132 5370 1227 5427 Plures
1251 5383 1368 5441 namque
1390 5372 1536 5439 scriptores
1560 5366 1660 5425 ethnici
1685 5365 1759 5425 laune
1785 5368 1898 5425 imbrem

240 5450 465 5513 noreconsuestis
485 5452 604 5521 aquibus
617 5453 752 5513 durrrnutos
762 5458 894 5513 restituere
906 5460 975 5516 soliti
985 5463 1045 5517 estis
1096 5464 1243 5535 precationi
1260 5464 1405 5535 pietatique
1426 5460 1548 5534 ejrrsdem
1571 5460 1743 5532 imperatoris
1758 5470 1897 5531 acceptum

239 5544 419 5617 (Teretina,
435 5543 511 5613 ΙΙΙΙΙΙ)
1095 5557 1228 5617 referunt.
1243 5559 1351 5616 Primus
1365 5568 1454 5615 autern
1470 5573 1502 5614 cx
1524 5557 1582 5613 istis
1596 5557 1715 5613 occurrit
1729 5556 1809 5611 nobis
1818 5556 1897 5627 Cupi·

236 5673 261 5720 q*
275 5640 387 5706 Frustra
400 5654 466 5723 ergo
479 5654 512 5703 ac
531 5654 645 5717 prorsus
664 5642 755 5718 inepte
769 5644 850 5707 iidem
862 5647 978 5721 gentiles
992 5664 1043 5709 co·
1095 5651 1214 5727 tolinus,
1235 5651 1312 5727 cujus
1330 5651 1391 5714 bac
1404 5658 1468 5711 sunt
1484 5648 1518 5715 ds
1540 5648 1587 5712 illo
1609 5648 1690 5710 rerba
1704 5665 1712 5711 a
1726 5648 1842 5711 Fatum
1867 5648 1897 5708 ds
