4084 6334
125 319 172 377 tls
579 309 624 366 tte
643 303 815 364 belluina
834 294 1052 358 sculenbtttttt
1072 293 1313 356 sunsbbbtnctt.
1623 263 1626 268 Ι
1722 291 1774 348 l'to

124 435 214 490 ⁶⁰⁰&st
227 432 280 501 (⁶-
311 428 341 500 ²·
354 428 382 504 l·
412 439 444 484 ²0
467 425 513 484 ille
539 423 647 482 demum
676 433 738 495 post
765 421 862 478 librum
890 417 922 472 dc
936 415 962 476 Α
975 421 1067 470 essent
1080 411 1244 484 gravissimis
1257 408 1376 482 llaqitiis,
1391 407 1461 480 apud
1474 407 1569 490 lletnn,
1584 407 1606 464 sl
1625 405 1659 464 ad
1673 409 1771 464 bonam

126 531 303 587 hereticorum
335 522 536 596 Pretoripticne
568 518 735 590 compositus
761 516 817 583 sit,
847 510 919 585 qnod
972 517 1090 564 mentem
1104 505 1258 572 rediissent,
1282 504 1369 560 aditus
1383 518 1437 560 non
1458 512 1531 562 esset
1553 502 1705 574 impeditus.
1730 501 1773 558 Ειι

123 623 213 680 colera
235 619 319 676 modo
347 626 460 691 apparet
480 615 490 688 (
508 613 568 672 tid.
584 623 636 668 ort.
657 609 716 684 ις
735 608 837 679 li);at
862 621 921 666 cer·
973 614 1027 671 qno
1040 598 1120 655 etium
1133 597 1198 654 illud
1208 596 1333 662 elicitur,
1345 611 1398 654 non
1407 610 1534 654 revocare
1544 595 1733 653 Tertullianum
1743 596 1771 651 in

124 732 163 776 ms
185 719 286 776 horum
314 715 443 774 qufflm
469 725 556 768 „mus
580 725 633 766 „on
656 713 772 764 conspr,
808 703 922 760 Restant
973 693 1044 751 libro
1057 692 1089 749 de
1104 692 1237 748 Pudicitia
1250 691 1288 759 id,
1302 691 1414 763 quadiu
1427 691 1554 763 singulari
1568 690 1660 748 libello
1676 689 1771 747 nrtlto·

124 813 198 884 igitur
211 812 230 866 ii
245 809 320 878 libri,
330 821 446 882 quornm
460 805 544 873 nulla,
556 812 587 860 ut
596 801 661 858 mibi
671 799 788 866 videtur,
799 797 868 853 ratio
880 795 921 852 rel
973 787 1106 845 dotorum
1122 787 1185 844 olim
1200 785 1343 842 sententie
1355 783 1479 841 addictus
1491 784 1653 856 scripsisset,
1669 782 1716 840 sed
1730 782 1772 839 ni·

124 905 204 960 anuis
216 902 262 959 ret
277 901 407 958 doctrine
428 897 496 955 tradi
511 905 600 969 potest
623 894 657 967 (is
672 893 744 951 enim
757 899 815 947 crat
828 888 922 946 tertius
974 881 1013 938 ltil
1028 898 1100 938 nune
1115 881 1225 949 latetur,
1242 880 1293 937 nisi
1308 880 1431 936 se-alitcr
1444 880 1543 936 sentire
1553 879 1588 936 de
1601 880 1651 937 ista
1668 881 1776 937 reniae

124 1006 218 1052 possm
240 993 397 1064 scriptionis
420 987 524 1062 locus),
548 987 694 1058 dequibus
715 1000 776 1042 cum
797 982 854 1050 alii,
876 980 922 1053 qui
975 983 1048 1032 coetu
1062 989 1142 1032 sacru
1156 971 1339 1042 concedenda,
1359 987 1439 1044 quam
1453 972 1598 1029 oliminter
1611 971 1776 1030 orthodoxos

125 1104 276 1146 erarem
290 1104 321 1147 se
333 1087 479 1160 perlectam
491 1092 630 1156 putarunt,
644 1079 798 1138 decrevisse
811 1076 862 1133 sibi
875 1074 924 1130 risi
976 1085 1030 1128 nott
1047 1069 1157 1142 quidem
1181 1069 1345 1141 scripsisset,
1358 1068 1406 1126 sed
1433 1067 1562 1125 sensisset
1582 1077 1682 1126 nmen.
1705 1065 1777 1138 Quid

125 1183 245 1239 sintcam
260 1181 351 1259 aliqua
365 1177 536 1243 certitudine,
545 1188 721 1248 quaecumque
735 1173 762 1227 iu
775 1170 853 1226 istam
867 1183 924 1224 rem
980 1180 1046 1238 erqo
1064 1165 1126 1222 esti
1141 1163 1365 1220 Tertullianumne
1377 1170 1533 1234 putaremus
1546 1161 1618 1218 butte
1638 1160 1736 1217 librum
1750 1161 1778 1218 iu

126 1275 347 1346 disputarunt,sa
360 1269 527 1344 nos,quibus
540 1267 626 1338 magis
638 1265 729 1338 piacet
741 1263 768 1318 in
782 1260 924 1317 bucerus·
978 1258 1158 1318 montanismo
1168 1257 1329 1329 scripsisse?
1343 1255 1435 1328 Neque
1446 1254 1497 1313 bue
1507 1255 1594 1312 audeo
1604 1253 1781 1312 aserenan

126 1383 151 1424 sa
162 1365 550 1437 uerecundiusloqnboportet
569 1361 703 1433 paninlnm
719 1366 855 1430 postremo
867 1353 927 1409 loco
978 1351 1029 1406 etsi
1046 1350 1232 1422 peecattuibns
1245 1349 1278 1406 ad
1295 1350 1436 1421 pristinam
1450 1363 1563 1420 eantque
1574 1363 1727 1422 perversam
1739 1347 1781 1404 ri·

126 1469 258 1516 excutere.
276 1457 328 1515 Est
341 1457 421 1528 buius
434 1455 542 1528 generis
551 1453 618 1510 liber
629 1448 836 1514 dePenitentia,
847 1461 927 1518 quem
981 1452 1036 1498 tam
1050 1442 1224 1500 redeuntibus
1233 1459 1286 1499 non
1299 1443 1348 1498 nisi
1361 1457 1439 1498 utram
1448 1457 1561 1514 eantque
1576 1442 1696 1498 ultimant
1707 1455 1783 1514 spem

126 1551 277 1609 Tertulliani
299 1567 360 1610 esse
378 1551 447 1607 adeo
460 1549 575 1620 negabat
597 1543 734 1609 Erasmus,
749 1543 876 1616 probatus
900 1541 927 1596 in
981 1537 1071 1594 rente
1104 1538 1175 1610 apud
1206 1537 1292 1593 Deum
1332 1536 1507 1609 impetrandae
1542 1535 1663 1608 polliceri
1687 1536 1780 1594 ridea-

127 1643 364 1701 bacreailallao
375 1641 531 1714 aliqnando,
547 1642 629 1696 etiant
642 1639 677 1695 ab
688 1635 857 1706 balatonna,
871 1649 945 1711 ιιιι-Ἰ
980 1640 1025 1686 tur
1044 1646 1071 1688 c.
1099 1630 1136 1695 8,
1166 1639 1255 1688 tamen
1279 1641 1306 1687 et
1339 1630 1366 1686 in
1393 1646 1426 1688 ea
1451 1646 1481 1686 re
1503 1630 1569 1686 nibil
1591 1630 1682 1700 docet,
1708 1629 1780 1702 quod

127 1739 192 1794 sime
201 1747 318 1812 propter
330 1736 393 1810 styli
407 1733 651 1792 dissimilitudinem
666 1731 758 1807 initae
769 1729 928 1800 caterisque
981 1725 1121 1797 proprium
1144 1726 1228 1784 iuuisse
1253 1728 1374 1800 legamus
1396 1727 1626 1802 montanistarum,
1646 1726 1694 1786 sed
1712 1726 1785 1800 quod

39 1844 40 1901 ι
128 1829 280 1886 intuitioni
300 1830 394 1898 libris3
417 1843 495 1898 qnam
511 1811 579 1899 eqo,
594 1825 699 1894 iateor,
723 1822 929 1918 deprehendere
942 1795 968 1856 Β
983 1819 1065 1875 etiarn
1077 1820 1112 1877 ab
1125 1819 1186 1876 aliis
1202 1820 1416 1878 orthodoxorum
1436 1821 1610 1886 venementer
1630 1836 1784 1896 propugna-

39 1978 40 1983 ,
130 1938 177 1978 non
191 1923 357 1994 satisqueo,
372 1920 479 1978 etiamsi
492 1918 537 1974 bic
551 1933 606 1972 non
622 1925 675 1972 lam
688 1923 817 1988 appareat
840 1915 927 1986 impe·
981 1921 1038 1970 tunt
1051 1930 1112 1972 esse
1126 1915 1295 1973 inveniamus
1315 1914 1396 1988 (Vide
1409 1914 1523 1984 Hermo,
1547 1915 1682 1972 Pastorem
1704 1917 1785 1972 Mau·

39 2018 40 2023 ’
129 2014 208 2072 ditum
222 2014 292 2071 illud
307 2023 335 2071 ct
348 2013 488 2070 concisum
502 2009 608 2068 dicendi
619 2025 715 2082 genus,
737 2007 809 2081 qnod
834 2017 929 2079 regum
982 2006 1043 2062 doto
1057 2007 1084 2075 ι,
1096 2007 1123 2062 in
1138 2005 1252 2062 Fabricii
1271 1993 1431 2080 Apoerqpbis
1452 2007 1491 2077 lt,
1505 2015 1523 2063 t.
1538 2007 1569 2063 T.
1594 2005 1654 2075 ιιι,
1671 2025 1698 2080 p.
1716 2007 1783 2080 8t5,

131 2108 153 2163 in
167 2109 287 2166 calens.
301 2107 393 2179 Neque
403 2108 474 2162 eninr
486 2113 556 2162 nuta
571 2111 623 2170 cst,
634 2111 733 2175 quanta
743 2110 861 2173 putatur,
872 2101 930 2156 lraec
981 2116 1032 2172 tp,
1041 2109 1065 2156 et
1079 2102 1135 2157 loca
1148 2100 1183 2156 ibi
1195 2099 1340 2157 uFabncio
1353 2101 1455 2176 citato),
1465 2103 1567 2159 nuliam
1580 2118 1655 2175 spem
1670 2118 1731 2160 esse
1740 2119 1786 2161 sa-

132 2201 334 2270 dissimilitudo,
350 2201 398 2258 sed
424 2199 518 2257 eudem
542 2198 626 2255 iracta
643 2206 670 2254 et
682 2198 830 2267 interrupta
849 2195 932 2252 dictio
982 2191 1047 2250 lutis
1058 2194 1091 2250 iis
1101 2193 1147 2267 qui
1157 2203 1218 2266 post
1230 2202 1384 2267 susceptum
1397 2194 1557 2268 baptismum
1571 2198 1668 2252 iterum
1680 2196 1788 2267 qrarins

132 2293 171 2352 bie
181 2304 284 2363 emant,
298 2279 359 2364 quae
382 2303 424 2350 est
440 2293 467 2348 in
479 2291 540 2348 aliis
553 2291 681 2362 mitigatae
694 2288 932 2362 paulisperdictio·
984 2295 1012 2344 cl
1024 2287 1058 2344 ad
1069 2287 1202 2360 jacturam
1219 2303 1292 2344 verae
1304 2289 1412 2359 pietatis
1424 2299 1589 2360 peccassent,
1603 2290 1675 2362 qund
1700 2291 1788 2362 pessi-

133 2387 170 2444 nis
183 2387 262 2444 libris
273 2387 357 2443 ueluti
368 2386 396 2442 in
406 2385 451 2454 iis,
464 2386 509 2458 qni
523 2393 587 2441 sunt
596 2381 865 2453 detestantiumque
875 2378 932 2435 Fu·
985 2396 1056 2438 marn
1073 2383 1196 2453 baptismi
1210 2381 1348 2438 differendi
1361 2382 1584 2440 consuetudinem
1597 2382 1784 2462 indeciesiam

134 2498 166 2554 pa
179 2482 205 2536 in
219 2464 411 2550 persecutione.
425 2479 559 2551 sicigitur
574 2478 617 2534 bic
627 2477 695 2533 liber
704 2475 821 2549 Septimii
836 2476 932 2544 nostri,
984 2481 1080 2546 postea
1096 2474 1200 2543 inlnlit;
1217 2483 1244 2530 et
1262 2488 1323 2545 que
1334 2473 1427 2531 dtnitts
1440 2474 1544 2532 loculus
1558 2489 1620 2532 esse
1635 2475 1722 2532 videti
1735 2490 1787 2548 po·

39 2579 40 2602 ³
134 2575 325 2634 sedeumcum
336 2574 481 2642 scriberet,
497 2572 638 2645 cuiusnam
649 2569 830 2638 secleiuerit,
844 2568 934 2626 dicere
986 2570 1068 2636 terat,
1085 2568 1143 2640 ipse
1165 2567 1208 2623 bis
1227 2569 1317 2625 verbis
1335 2568 1462 2640 subjectis
1477 2570 1596 2644 tnitigat:
1622 2569 1715 2642 ierunt
1735 2585 1788 2626 non

137 2682 186 2725 non
198 2667 299 2725 audeo.
317 2666 407 2724 btbic
420 2657 663 2721 intercedunliere
685 2678 791 2732 omnes,
817 2661 936 2718 certissi·
985 2661 1075 2715 statim
1090 2660 1259 2716 succidendus
1283 2662 1483 2717 accercendus
1503 2671 1539 2718 est
1552 2663 1653 2718 animus
1672 2663 1793 2734 despero·
1875 2651 1880 2656 ’

136 2776 260 2833 mumque
271 2759 427 2828 esseainnt,
437 2772 498 2814 cum
509 2757 738 2814 ortbndosistunt
748 2755 937 2812 Tertullianum
988 2754 1066 2810 tione.
1089 2755 1179 2824 Quare
1196 2755 1230 2812 ud
1245 2771 1325 2828 quam
1339 2756 1381 2812 uel
1395 2765 1501 2812 etatem
1524 2757 1567 2813 vel
1580 2755 1731 2814 doctrinam
1747 2755 1791 2832 bie

135 2855 262 2922 sensisse,
276 2867 393 2923 namque
405 2860 502 2908 etcum
514 2851 594 2907 coetui
606 2863 685 2906 sacro
700 2857 859 2921 potestatem
873 2863 948 2906 con--
988 2849 1058 2908 liber
1070 2851 1228 2908 referendus
1243 2852 1287 2919 sit,
1305 2866 1366 2908 curn
1386 2852 1446 2909 alie
1468 2851 1508 2909 rei
1520 2852 1680 2909 dirimendae
1700 2852 1727 2909 in
1741 2852 1793 2908 bac

39 2942 40 2949 ’
138 2946 230 3003 cedere
243 2943 525 3019 delictaeandoaandi
540 2945 572 3000 iis
582 2944 627 3016 qui
641 2944 750 3016 granius
769 2953 936 3014 peccassent,
988 2941 1059 2998 libro
1072 2943 1283 3014 significationes
1296 2957 1349 3000 non
1364 2953 1480 3014 exstent,
1497 2959 1540 3001 me
1553 2943 1662 3017 quidem
1678 2957 1789 3018 prorsus

39 3230 40 3245 ¹
139 3225 245 3284 terelle
261 3225 359 3281 librtnn
382 3239 461 3296 quem
475 3223 551 3293 olim,
565 3222 664 3280 baeresi
679 3223 832 3280 eommunis
845 3221 940 3278 Eccle-

138 3055 343 3132 qnamprorsns
358 3039 535 3097 destruxisset
554 3038 580 3093 in
600 3036 671 3093 libro
693 3037 726 3093 de
748 3035 896 3105 Pudicitia,
911 3045 941 3093 et
990 3035 1095 3094 tremite
1109 3035 1248 3110 proliteor.

141 3133 166 3188 in
179 3133 227 3190 illo
239 3132 315 3189 libro
328 3132 415 3203 ipsutn
429 3131 503 3187 illum
525 3131 664 3202 profiteri,
681 3146 712 3188 se
731 3147 803 3188 nunc
814 3129 938 3188 cuniula-
952 3166 975 3232 C
1166 3171 1222 3246 μ’
1243 3201 1281 3216 -
1291 3171 1368 3229 Liber
1382 3172 1504 3230 adm,
1517 3170 1633 3230 sum

137 3321 182 3376 sie
194 3319 321 3377 addictus
329 3333 377 3390 pro
389 3316 441 3374 bac
450 3327 583 3389 potestate
592 3317 757 3388 scripsisset.
774 3316 804 3372 ln
815 3332 867 3388 qna
878 3315 939 3372 uni·
1030 3283 1215 3384 etquenam
1235 3311 1300 3368 iliud
1323 3325 1378 3370 non
1401 3326 1446 3368 me
1474 3310 1552 3368 interi
1571 3310 1653 3382 pudet
1673 3311 1706 3400 de
1727 3310 1796 3368 libro

141 3427 211 3469 uersa
224 3411 409 3484 disputatione
418 3411 502 3467 multo
512 3410 660 3482 sapientior
667 3409 732 3466 mibi
743 3411 849 3467 ridetur
858 3409 939 3479 ιιοιι-
992 3423 1074 3481 quern
1088 3410 1213 3463 aduersus
1225 3405 1334 3463 ludent
1348 3407 1519 3480 conseripsit,
1537 3407 1563 3462 in
1579 3422 1633 3478 qno
1647 3407 1714 3464 nibil
1736 3417 1794 3475 est,

143 3523 260 3574 armam,
273 3520 355 3579 quam
369 3506 395 3561 in
408 3505 524 3562 ceteris.
536 3503 655 3575 Namque
667 3505 687 3560 l.
697 3522 722 3562 e.
736 3503 750 3578 5
764 3502 942 3577 lllllpulebre
993 3501 1064 3574 qnod
1079 3499 1199 3558 Montani
1221 3502 1335 3572 ineptias
1356 3512 1481 3572 saperet:
1498 3500 1546 3558 sed
1563 3515 1649 3573 neque
1664 3499 1728 3556 illud
1746 3501 1795 3557 ad-

39 3610 40 3635 l
144 3611 229 3658 nronet
245 3601 282 3669 is,
297 3599 377 3672 longe
392 3598 526 3656 diversam
548 3614 609 3656 esse
630 3598 807 3670 questionem
830 3599 856 3653 in
873 3598 942 3656 libro
993 3595 1163 3651 mirationem
1175 3592 1272 3662 babel;
1291 3593 1363 3649 nttlla
1376 3593 1447 3649 enim
1461 3593 1517 3649 iere
1527 3594 1629 3648 exstitit
1639 3591 1797 3648 Tertulliano

39 3738 40 3741 ,
145 3697 173 3750 de
184 3695 342 3752 penitentia
354 3695 518 3767 propositam
531 3695 565 3752 ab
574 3709 618 3761 ea,
633 3709 714 3767 qnam
728 3693 903 3751 Tertullianus
912 3695 940 3752 ia
993 3687 1021 3745 in
1035 3687 1087 3744 boc
1101 3688 1169 3744 libro
1180 3688 1271 3744 talium
1286 3673 1586 3771 commemorandinum
1597 3673 1796 3757 opportunitas.

39 3792 40 3797 ’
146 3789 422 3862 commentariotupcr
430 3785 561 3843 Pudicitia
572 3787 670 3860 posuit,
683 3788 854 3859 atqneetiarn
866 3788 942 3845 blon-
993 3779 1083 3850 Quare
1095 3778 1161 3835 illud
1175 3789 1217 3836 est
1233 3777 1387 3844 ridendum,
1405 3787 1530 3834 utrumne
1551 3777 1587 3832 ibi
1608 3777 1696 3848 aliqua
1719 3791 1799 3847 repe·

146 3883 256 3939 tanistas
269 3897 351 3938 omne
365 3879 430 3937 illud
448 3881 567 3951 potuisse
581 3878 728 3936 defendere
758 3880 830 3952 qnod
854 3893 896 3937 est
914 3883 942 3938 in
993 3871 1078 3930 riatur
1090 3876 1220 3946 temporis
1237 3873 1407 3947 significatio.
1425 3872 1458 3930 lit
1479 3888 1511 3930 ea
1535 3880 1577 3930 cst
1602 3871 1711 3944 quidem
1735 3871 1799 3928 snb·
1837 3887 1841 3895 ·

147 3972 212 4031 libro
226 3975 262 4031 de
276 3971 431 4030 Paenitentia
447 3973 625 4044 propositum.
638 3972 773 4030 Videlicet
794 3989 848 4029 non
862 3989 944 4046 super
993 3965 1107 4022 obscura
1135 3967 1162 4022 ia
1183 3965 1287 4023 duobns
1312 3966 1378 4023 locis
1398 3981 1405 4019 :
1426 3965 1515 4021 Prima
1540 3979 1566 4022 c.
1593 3964 1609 4018 7
1631 3965 1657 4021 in
1672 3980 1725 4037 quo
1739 3963 1799 4020 Bri-

148 4067 470 4125 cnreeratortltodoxos
485 4071 555 4124 inter
568 4077 595 4124 et
610 4065 786 4122 blontunislas
808 4067 941 4138 quaestio:
992 4067 1133 4114 lanttotunt
1156 4058 1291 4114 inaccessa
1313 4057 1438 4114 Romanis
1461 4058 1518 4138 loco
1550 4069 1742 4128 cotunremotot,
1770 4069 1799 4116 et

148 4171 293 4230 possentne
303 4162 331 4229 ii,
347 4161 392 4232 qui
406 4159 439 4216 ad
454 4161 635 4230 impuritatem
650 4160 791 4231 pristinam
811 4161 943 4232 graviori·
995 4155 1076 4226 panto
1090 4163 1150 4226 post
1162 4168 1210 4210 eos
1226 4153 1320 4208 Oceorti
1335 4153 1376 4208 tui
1395 4153 1493 4208 ambitu
1507 4153 1651 4208 conclusos.
1672 4151 1738 4220 Que
1753 4169 1797 4210 res
1822 4213 1832 4232 ,

149 4253 195 4312 bars
209 4255 317 4313 delictis
326 4254 479 4322 rediissem,
489 4253 648 4326 interposita
662 4253 944 4324 pertranseuntium
995 4238 1105 4318 quindeni
1117 4245 1256 4300 ilar-anian
1268 4243 1540 4318 (annularentur,
1553 4245 1587 4299 at
1597 4262 1640 4302 tta·
1652 4241 1741 4317 Tib).
1751 4246 1799 4300 At-

151 4350 351 4408 anleiactorum
365 4349 450 4405 aliea
464 4349 617 4418 impetrare,
631 4347 701 4420 qnod
713 4348 812 4413 neutri,
827 4363 861 4405 ne
869 4347 945 4406 linn-
997 4341 1224 4413 liuium,aliosque
1238 4339 1349 4398 deduxit
1364 4340 1458 4412 inleam
1472 4340 1638 4411 opinionem,
1662 4349 1691 4396 ul
1705 4341 1800 4398 crede·

152 4444 255 4500 ariste
269 4440 389 4515 quidem,
404 4441 546 4513 tepebant,
557 4454 626 4512 quos
638 4440 728 4511 potius
741 4449 847 4497 corrstat
860 4441 945 4512 ipsam
998 4443 1060 4490 rent
1072 4442 1133 4505 post
1147 4434 1273 4490 uictorias
1285 4431 1374 4489 Seueri
1384 4447 1399 4486 a
1408 4430 1542 4487 Britannis
1558 4440 1708 4504 reportatus
1721 4432 1802 4505 scrip-

152 4539 314 4604 tsepotlpma
328 4534 408 4591 areis
419 4532 581 4605 postulasse,
589 4531 636 4589 sed
645 4547 705 4588 eant
717 4531 825 4610 quidem
834 4548 887 4588 nnn
900 4533 947 4601 ita,
961 4540 988 4600 1)
1000 4534 1057 4584 tum
1072 4527 1144 4594 burte
1170 4527 1266 4582 librum
1286 4541 1364 4592 esse,
1383 4526 1459 4582 etita
1474 4541 1545 4584 anno
1556 4525 1612 4582 iere
1624 4523 1719 4593 cctx;
1732 4526 1804 4598 quod

154 4638 181 4683 nt
190 4629 360 4700 impetraret,
376 4627 421 4698 qni
435 4634 604 4698 peccaverat,
621 4624 728 4681 veniam
740 4625 774 4680 ab
787 4624 908 4682 Ecclesia
922 4637 950 4684 et
1001 4633 1053 4690 ego
1065 4634 1116 4675 non
1129 4618 1243 4676 dixerim
1255 4637 1262 4685 ;
1275 4617 1484 4690 naut'quomodo
1496 4627 1551 4673 tum
1563 4618 1670 4674 tandem
1680 4617 1736 4674 locu
1745 4619 1805 4674 Bri·

154 4717 732 4794 conjunctioniscnmillarestitntionent,sed
742 4719 951 4787 ntjnetnrentnr
1002 4722 1146 4770 turinorum
1160 4713 1212 4770 dici
1227 4715 1364 4770 inaccessa
1381 4713 1542 4784 potuissent,
1558 4728 1672 4784 qnorum
1686 4713 1737 4769 sibi
1747 4713 1807 4770 adi-

159 4813 234 4884 probi
245 4811 491 4888 adsnpplicandum
505 4813 571 4874 Deo,
586 4819 615 4866 nt
625 4811 687 4866 lrnic
696 4812 829 4882 peccatori
844 4807 950 4870 tundam
1001 4814 1060 4862 lutn
1073 4805 1188 4860 Romani
1208 4804 1345 4873 lecerunt;
1367 4813 1394 4860 cl
1418 4805 1462 4877 qui
1485 4806 1617 4875 potuIsset
1632 4803 1805 4862 Tertullianus

157 4907 298 4980 aliquando
314 4907 421 4964 reniam
445 4904 627 4971 cotreederet;
643 4905 690 4962 sed
705 4906 769 4962 illud
784 4908 953 4977 querebatur
1003 4898 1112 4954 dicere:
1127 4896 1209 4954 Trotu
1220 4897 1284 4954 istos
1299 4906 1386 4971 pentes
1400 4895 1531 4952 Rantonot
1547 4897 1675 4968 percipere
1684 4901 1756 4971 rrqai
1765 4903 1806 4955 sni

158 5002 253 5071 potius,
271 4999 400 5056 liceretne
414 4998 563 5056 Ecclesiam
577 5007 888 5072 usurpatepotcstatem,
900 5015 953 5072 qua
1004 4991 1069 5048 tt'ret
1088 5008 1139 5048 non
1152 4989 1233 5064 posse,
1248 5009 1310 5050 curn
1334 4990 1401 5048 illud
1423 4993 1510 5062 ipsum
1525 4991 1594 5045 inter
1608 4989 1751 5048 Britannos
1767 4993 1808 5050 ie·

158 5106 188 5148 sc
199 5106 253 5148 non
268 5091 421 5148 destitutam
437 5091 517 5147 etiam
534 5089 590 5161 ipsa
608 5089 731 5157 sentiret,
746 5091 893 5164 recipiendi
907 5106 952 5149 se·
1004 5088 1115 5144 cissent.
1130 5084 1216 5145 Nimis
1242 5087 1362 5161 proiectu
1382 5085 1455 5142 clare
1478 5081 1620 5139 conllrmat
1642 5082 1810 5156 Herodianus

158 5182 289 5253 jrrnctosa
304 5184 435 5241 societate
444 5197 492 5239 sua
506 5189 663 5253 peccatores
677 5182 703 5237 in
715 5184 860 5240 amicitiam
885 5194 955 5243 vete
1008 5179 1104 5253 (Hice,
1117 5181 1162 5239 ιιι.
1177 5180 1222 5249 ιιι,
1234 5198 1257 5236 c.
1271 5182 1317 5249 ll,
1330 5199 1358 5253 p.
1372 5195 1409 5234 nr.
1425 5175 1500 5248 lib),
1514 5175 1635 5232 Seuerum
1657 5192 1711 5233 non
1728 5179 1812 5235 moda

161 5294 216 5336 sem
230 5289 258 5336 et
278 5279 496 5336 communionem
518 5291 676 5344 sacrorum
696 5279 767 5349 qnod
788 5280 956 5341 blontanislae
1009 5277 1099 5334 Getam
1112 5277 1140 5334 in
1153 5277 1187 5333 iis
1206 5276 1397 5332 Britannorum
1412 5269 1569 5342 regionibus
1582 5270 1734 5343 reliquisse,
1749 5288 1811 5344 que

163 5372 196 5426 ita
208 5375 340 5445 negabant
352 5373 410 5429 lieri
420 5371 590 5439 debere,sed
602 5371 746 5428 orthodoxi
763 5377 797 5426 ita
808 5389 888 5445 passe
899 5375 956 5433 beri
1008 5373 1123 5444 irnperio
1145 5371 1330 5428 Romanorum
1351 5364 1482 5438 subjecta
1509 5371 1596 5432 erant,
1620 5363 1667 5420 sed
1691 5363 1813 5422 Seuermn
1866 5401 1869 5407 -

163 5465 276 5522 aiebant.
290 5465 367 5522 lianc
379 5465 461 5539 igitur
470 5465 606 5521 licentiam
617 5477 772 5536 usurpatam
783 5466 817 5522 ab
826 5467 956 5526 ortbodn-
1010 5478 1129 5538 qnoque,
1146 5463 1242 5536 pergit,
1259 5461 1339 5516 latius
1354 5473 1384 5514 se
1396 5451 1559 5530 proiudisse.
1574 5453 1667 5527 Neque
1676 5471 1742 5514 vero
1754 5473 1816 5518 mu-

165 5559 206 5614 sis
217 5557 389 5616 Tertullianus
408 5558 436 5614 in
457 5558 526 5616 libro
538 5574 582 5627 co,
598 5558 645 5630 qui
654 5568 696 5615 est
709 5559 741 5614 de
756 5558 897 5626 Pudicitia,
911 5577 958 5619 re·
1010 5575 1088 5617 rusa
1109 5559 1202 5616 seuero
1224 5555 1250 5610 in
1268 5551 1404 5610 Britannia
1425 5559 1588 5618 exstructus,
1611 5551 1657 5622 qui
1673 5549 1816 5606 Boronium

167 5648 302 5709 bementer
315 5653 438 5725 salseque
450 5653 579 5730 exagitat,
593 5652 641 5708 sed
655 5653 681 5708 in
696 5651 764 5707 libre
778 5652 811 5707 de
828 5651 961 5710 Poniten·
1012 5666 1179 5725 ceterosque
1187 5648 1302 5723 decepit,
1318 5647 1342 5704 is
1362 5657 1415 5714 est,
1430 5662 1484 5720 qno
1493 5642 1669 5703 Tertullianus
1685 5645 1819 5718 significat

169 5739 465 5819 tianeq'neeonirrmat,
481 5761 569 5818 neque
593 5744 732 5816 impuram
751 5747 843 5808 etiam.
865 5748 963 5804 sedda
1013 5745 1156 5804 conclusos
1179 5741 1343 5799 tinibnssnis
1368 5738 1614 5806 Britannosinisse,
1638 5738 1819 5811 nequeenim
1902 5743 1903 5746 ’
1980 5815 1991 5832 ,

169 5836 215 5893 illa
235 5836 310 5895 reaia
329 5837 458 5909 loquitur,
473 5837 601 5909 adquam
616 5837 700 5895 etiam
715 5837 748 5894 iis
773 5839 817 5910 qui
843 5839 963 5897 innnersi
1013 5853 1104 5909 muro,
1119 5837 1168 5895 sed
1181 5837 1250 5893 intre
1265 5835 1361 5902 Oceani
1375 5835 1499 5892 arabitunt
1522 5833 1654 5893 conclusos
1676 5833 1823 5892 Britannos

240 6003 246 6010 ⁶
314 5931 535 5995 ‘luncuernet
556 5931 583 5994 1.
709 5963 714 5972 ι
904 6015 914 6035 ν
1589 5925 1691 6010 (ιιι.)
