4084 6334
226 372 279 439 ((5
934 366 1166 427 TERTULUAM
1588 420 1593 426 .
1823 363 1883 433 ttd

225 494 250 553 si
273 492 356 552 bomo
378 488 529 565 eommunis
550 488 732 559 catilinianis,
748 489 772 548 si
792 503 907 562 magiis,
923 488 946 546 si
967 486 1164 562 postdrunt.
1179 486 1242 561 quia
1264 487 1410 561 plurimum
1432 486 1635 549 iliis‘eredeado
1647 488 1755 549 Christo
1767 490 1882 551 domino

226 598 341 649 mortem
363 586 403 663 (()
424 586 459 644 de
478 585 603 659 sepulcro
623 602 640 644 a
660 586 799 659 discipulis
821 586 984 658 subreptus,
1002 586 1028 643 si
1077 584 1217 642 eredimus
1251 581 1302 657 lb).
1334 584 1388 659 Ipsi
1399 585 1575 657 ,Qlitternrum
1606 594 1758 643 nonnarum
1795 586 1880 643 ddem

225 696 297 739 nuno
306 681 421 753 deniquo
429 694 512 752 penes
525 678 635 749 imerus,
647 680 670 738 si
681 694 735 737 uun
745 681 773 737 in
782 680 859 738 ooelis
871 679 957 753 potius
972 678 1024 755 (i),
1077 679 1239 748 accendunt,
1259 682 1311 754 lpst
1331 679 1388 750 spei
1408 688 1509 736 nostrae
1528 677 1666 735 lidentiam
1684 678 1828 735 ennean
1841 682 1880 737 tt

224 786 252 831 ot
270 774 332 832 inde
347 784 475 831 venturus
489 790 550 832 eom
571 777 652 831 totius
667 773 760 832 mundi
775 782 850 831 motu
862 815 870 843 ,
883 788 944 831 eum
959 773 1025 829 bor·
1076 772 1166 828 colitis
1178 772 1251 837 ilios.
1262 771 1333 843 qaiod
1345 774 1428 829 seiam
1438 814 1446 837 .
1458 772 1540 829 etiam
1551 771 1587 828 de
1603 770 1734 845 sanguim
1747 772 1876 831 ebriatis-

224 867 395 935 rorentis,
411 884 473 925 eum
488 867 596 939 planetu
610 867 730 925 omnium
743 910 751 935 ‚
766 866 814 925 sed
828 882 881 924 non
895 866 1026 923 Christis·
1076 881 1183 922 norum.
1199 866 1308 924 Nollent
1320 868 1410 939 ltaqam
1422 882 1471 923 vos
1490 875 1545 922 tam
1558 864 1733 933 fructuosos,
1747 875 1802 923 um
1814 866 1879 924 oili·

224 976 320 1017 uorum
336 962 386 1033 (5),
399 969 430 1017 ut
442 961 491 1019 Dei
506 961 596 1019 Virtus
609 972 637 1018 et
652 962 698 1018 bei
710 961 827 1033 Spiritus
845 968 874 1017 et
887 961 984 1019 Sermo
996 970 1026 1017 et
1076 958 1166 1015 tiosos
1180 960 1233 1015 sibi
1246 961 1382 1026 anaidem,
1396 960 1439 1016 ret
1453 975 1488 1017 ne
1502 975 1518 1015 a
1531 960 1607 1016 robis
1629 958 1790 1031 quandoque
1801 960 1879 1019 dirt-

223 1054 359 1126 Sapientia
373 1068 401 1113 et
411 1053 529 1113 ilatio'et
542 1056 589 1113 Dei
603 1054 695 1113 Filius.
712 1055 905 1127 Quodcumque
919 1053 1023 1122 ridetis,
1075 1050 1239 1125 stiauislld)
1246 1052 1381 1124 lugentur,
1392 1053 1433 1127 (dt
1440 1054 1463 1109 si
1475 1052 1528 1109 illis
1539 1053 1589 1109 sub
1600 1053 1759 1123 christiano,
1769 1054 1880 1113 volente

223 1148 330 1205 rideant
343 1156 370 1203 et
387 1146 424 1203 illi
439 1148 595 1216 robiscom;
609 1158 708 1221 negent
717 1146 854 1205 Cbrismm
869 1163 977 1204 oannem
989 1148 1026 1205 sb
1076 1143 1154 1202 robis
1165 1146 1307 1204 veritatem
1320 1147 1446 1219 probare,
1458 1147 1565 1203 mentiri
1578 1146 1682 1205 liceret.

224 1256 283 1297 aevo
298 1242 416 1297 aretinam
439 1234 566 1299 restituto
588 1256 702 1313 corpure
718 1241 913 1311 judicaturum.
929 1242 1026 1299 bieunt
1362 1239 1479 1298 CAPUT
1500 1240 1597 1297 (ΚΝ.

225 1332 277 1391 boo
300 1349 348 1403 pro
372 1334 515 1401 tribunali,
540 1334 564 1390 si
584 1333 670 1401 lorte,
692 1333 798 1389 Minoen
811 1331 1024 1393 etilbndaman·
1075 1333 1272 1390 decursuros.
1286 1330 1695 1404 -Fulmmr'tuqneerrerrimrn
1703 1334 1880 1408 irreliqioritu-

226 1424 300 1481 tbum
312 1425 350 1500 (u)
364 1426 512 1504 seculidorn
536 1442 698 1484 eonsensum
715 1427 754 1500 (d)
772 1426 891 1486 Platonis
913 1440 940 1485 et
959 1446 1025 1503 poe-
1110 1425 1153 1492 tir,
1169 1434 1193 1479 et
1206 1424 1241 1479 ad
1252 1422 1381 1480 Roniuuos
1391 1426 1475 1494 purius
1486 1442 1562 1495 muris
1575 1426 1731 1483 libristt'unus
1740 1428 1878 1500 perluere,

226 1526 313 1574 tarum
327 1519 532 1585 essesortitos;
548 1519 877 1590 suaesailemiguoininim
898 1529 926 1577 et
944 1523 1023 1579 dam·
1110 1536 1173 1591 poor
1193 1519 1234 1573 oei
1252 1534 1284 1575 en
1297 1520 1346 1573 line
1359 1520 1512 1589 sublatione
1532 1520 1678 1575 monum
1701 1532 1803 1593 putent,
1823 1540 1879 1579 niu-

225 1608 342 1666 natiouis
373 1618 463 1665 notam
499 1607 615 1666 refutent
636 1628 643 1664 :
665 1620 780 1666 releuant
808 1624 838 1667 se
869 1611 1062 1693 iiiiniuudosss
1107 1610 1257 1685 jurentillis
1278 1610 1485 1666 etsnblr'rniorenr
1500 1609 1820 1685 numerumnunerum
1837 1616 1881 1671 rel

225 1700 335 1772 spiritus
354 1714 433 1769 esse,
447 1701 519 1772 quod
534 1701 576 1757 rel
596 1716 629 1758 er
651 1700 755 1772 pabulis
781 1718 874 1760 eorum
895 1706 1025 1777 saragulne
1112 1703 1252 1759 libertatem
1270 1704 1360 1758 mitent
1375 1702 1506 1775 redipioiiis
1529 1704 1877 1777 attenuationem,

225 1803 253 1849 et
266 1792 341 1850 lumu
360 1804 387 1850 et
402 1794 500 1865 putidis
519 1796 593 1867 arigis
614 1809 740 1865 potorum
753 1794 791 1869 (b)
804 1805 832 1853 et
844 1796 1024 1868 inipuratissi·
1112 1811 1169 1866 nter
1181 1810 1240 1849 cum
1251 1795 1310 1849 aliis
1324 1794 1406 1861 datr,
1422 1803 1476 1850 lum
1487 1812 1533 1851 nec
1546 1778 1749 1870 lpuedip'pprln
1758 1809 1878 1871 nepeta.

225 1888 276 1943 mis
304 1886 402 1959 linguis
434 1886 553 1957 ipsorum
584 1896 673 1943 salum
705 1887 816 1960 intelligi
843 1888 954 1957 debuit;
981 1906 1026 1948 re·
1113 1884 1249 1951 Sedunrd
1262 1884 1570 1955 illorpsidniscoliiicere
1581 1889 1877 1961 pranderemus.

225 1980 363 2053 runauld)
379 1980 414 2037 ob
440 1981 568 2037 ninlitiam
590 1981 787 2051 praedamnatos
809 1998 839 2040 so
858 1983 884 2039 in
899 1985 1025 2043 eumdem
1111 1978 1208 2036 Omnis
1234 1978 1284 2035 isla
1316 1979 1450 2037 tmiietsio
1478 1981 1601 2051 ibomm,
1625 1998 1677 2055 uua
1704 1985 1879 2045 sedensue-

222 2072 315 2145 judioii
336 2072 409 2129 diem
431 2088 491 2131 curu
515 2074 641 2130 uirtutibus
654 2073 804 2131 cultoribus
826 2083 855 2131 et
876 2079 1023 2149 operatori·
1077 2084 1224 2147 gantesse,
1237 2089 1344 2147 quaque
1357 2090 1410 2131 lion
1429 2074 1512 2132 allum
1531 2076 1613 2134 deum
1627 2079 1792 2149 respondent
1808 2098 1881 2154 prae·

225 2162 275 2219 bus
289 2162 329 2237 (6)
342 2164 407 2219 suis.
420 2164 501 2237 ((ιυί
510 2166 597 2221 omnis
611 2168 668 2221 linae
683 2176 774 2223 nostra
788 2168 813 2223 in
825 2168 886 2224 ilios
899 2168 1026 2227 duunua-
1079 2175 1121 2223 ier
1134 2180 1234 2231 tinum.
1255 2166 1300 2221 tili
1316 2181 1368 2221 ¹¹⁰⁵
1379 2167 1581 2238 mancipamur.
1597 2169 1665 2225 ⁸²⁰⁸
1679 2169 1775 2229 idonee
1789 2182 1833 2230 etl
1843 2175 1880 2231 ad

226 2256 264 2313 tio
275 2266 304 2313 et
325 2265 443 2329 potestas
463 2256 497 2314 de
521 2258 704 2315 nominatione
726 2256 825 2316 curisti
840 2261 909 2317 salet
923 2260 980 2337 (r),
997 2272 1027 2320 et
1077 2256 1575 2329 depellendinuenimeninsaepubliee
1586 2269 1614 2318 et
1627 2263 1746 2321 maxime
1757 2280 1880 2323 nonnum

225 2350 260 2407 de
284 2354 542 2409 oouaiimmnmtione
567 2368 751 2424 enrnni‚qiue
778 2354 829 2412 sibl
856 2369 872 2410 a
901 2356 955 2411 beo
977 2370 1026 2427 por
1077 2351 1214 2423 religionis
1224 2348 1374 2425 (e)(ll).sl
1389 2352 1461 2407 enim
1474 2368 1528 2408 uon
1539 2361 1603 2409 sunt
1613 2352 1656 2411 dei
1669 2370 1719 2427 pro
1730 2367 1816 2425 certo,
1828 2375 1881 2417 nec

225 2444 355 2502 arbitmm
371 2445 506 2503 Clrristum
521 2448 689 2503 imminentia
704 2456 871 2519 exspectant.
887 2447 1025 2507 Christum
1076 2444 1171 2517 religio
1183 2458 1233 2515 pro
1246 2452 1322 2502 oerto
1335 2453 1395 2510 est;
1413 2444 1436 2499 si
1450 2444 1544 2516 religio
1554 2460 1609 2501 uon
1619 2456 1673 2515 ost,
1689 2447 1751 2519 quia
1765 2465 1815 2507 nee
1829 2450 1881 2507 [lei

227 2538 353 2595 linientes
376 2539 402 2595 in
418 2540 482 2605 beo,
497 2548 525 2595 et
546 2541 629 2597 Deum
654 2542 680 2596 iu
702 2541 830 2607 Curiam,
846 2542 1026 2613 sulijieiuntur
1076 2553 1125 2610 pro
1140 2549 1232 2605 certo,
1252 2552 1303 2595 neo
1324 2552 1374 2593 nos
1397 2552 1446 2611 pro
1460 2548 1536 2594 certo
1556 2542 1596 2595 rei
1613 2552 1707 2597 sumus
1721 2542 1794 2598 imeae
1815 2543 1881 2599 reii-

225 2632 312 2689 senls
326 2632 373 2689 bei
393 2642 420 2689 ea
434 2633 543 2691 ciniso.
563 2633 601 2690 tu
623 2634 657 2690 de
677 2644 802 2691 contactu
823 2636 909 2709 deque
931 2638 1024 2696 umam
1074 2630 1172 2703 sionis·
1187 2629 1383 2687 alemannus
1396 2630 1880 2709 turosernrobnluresnuur(12),

226 2733 318 2780 nostro
331 2727 556 2796 contemplatione
569 2734 597 2783 et
612 2730 851 2797 repraennuilnne
868 2729 937 2801 ignis
952 2729 1024 2789 illius
1076 2724 1123 2796 (lili
1138 2724 1308 2780 menmium
1327 2724 1448 2780 cotenus
1459 2765 1468 2791 2
1480 2739 1571 2780 leram
1591 2724 1747 2795 religionem
1763 2727 1819 2783 leri
1834 2727 1881 2785 dei

225 2819 341 2889 correpti
355 2860 362 2883 ,
375 2818 456 2875 etiam
472 2820 505 2875 do
523 2821 682 2902 corporibus
698 2834 791 2877 nostro
810 2824 926 2893 imperio
945 2838 1025 2881 exee-
1076 2835 1130 2877 uon
1143 2819 1223 2876 modu
1236 2818 1406 2891 negligendo,
1417 2818 1482 2889 quin
1497 2818 1606 2889 insuper
1616 2818 1876 2893 expugnandum),

224 2910 291 2967 duint
305 2910 379 2966 lund
395 2920 419 2967 et
436 2910 577 2980 dulcatus,
593 2922 620 2968 et
633 2914 709 2969 robis
728 2915 905 2985 praesentibus
919 2916 1025 2975 'erube-
1075 2912 1441 2987 lurerurnlttpeornuandds
1454 2911 1557 2967 crimen
1574 2927 1648 2969 verte
1658 2912 1878 2984 irreligiositate.

223 3011 340 3058 sternes.
352 3002 458 3059 Credite
473 3003 607 3072 liliatum
622 3021 714 3061 rerum
726 3006 766 3080 (7)
780 3006 814 3063 de
824 3024 854 3064 se
868 3008 1023 3081 loquuntur,
1075 3009 1166 3075 Norae.
1181 3016 1210 3065 ut
1223 3016 1360 3065 constaret
1373 3006 1434 3063 illos
1446 3006 1512 3062 deos
1531 3021 1610 3072 esse,
1625 3021 1716 3063 nouue
1730 3006 1880 3065 conceditis

224 3094 268 3164 rpd
294 3094 485 3153 mentientibus
500 3098 621 3154 credilis.
648 3098 733 3155 Nerato
752 3100 785 3157 ad
806 3118 884 3159 sirum
906 3102 1024 3160 dedecus
1075 3105 1109 3161 de
1121 3103 1300 3160 estimatione
1320 3098 1457 3156 ooiuimuni
1475 3099 1592 3169 aliquem
1612 3113 1674 3155 esse
1689 3098 1880 3157 sublimiorem

224 3188 372 3257 mentitur,
387 3190 451 3262 quin
475 3193 563 3263 potius
577 3194 611 3251 ad
632 3194 773 3251 bonorem.
794 3196 879 3269 bingis
900 3197 966 3254 tides
980 3198 1023 3269 (8)
1074 3204 1102 3253 et
1115 3196 1292 3267 potentiorem
1308 3192 1382 3250 selul
1395 3192 1544 3263 principem
1557 3190 1668 3256 mundi,
1685 3191 1813 3262 perlertn
1826 3208 1879 3264 po·

179 3324 186 3352 s
223 3296 307 3353 prona
331 3292 373 3338 est
395 3282 527 3341 aduersus
550 3287 712 3357 seiiieiipsos
738 3290 916 3357 eonlltentes,
941 3306 1022 3363 quam
1075 3289 1166 3347 tentiae
1180 3286 1240 3361 (15)
1255 3296 1284 3343 et
1295 3284 1541 3358 majestatis'lliam
1556 3294 1585 3339 et
1597 3285 1637 3341 sie
1650 3284 1771 3356 plerique
1782 3286 1879 3357 dispo:

224 3389 273 3444 pro
297 3376 449 3447 semetipsis
474 3390 612 3450 tregentos.
640 3378 704 3435 ilaec
729 3380 845 3454 denique
868 3382 1021 3439 testimonia
1075 3391 1141 3438 nunt
1155 3377 1665 3448 divinitatem,irtlinperium‘summae
1683 3376 1879 3438 dominationis

223 3466 336 3525 deorum
368 3477 519 3527 vestrorum
554 3468 716 3529 christianos
749 3470 839 3530 iacere
872 3489 1020 3532 consuere-
1077 3490 1139 3535 esse
1157 3487 1346 3544 peuesunum,
1360 3468 1616 3543 olbeiaejuspeues
1629 3452 1881 3539 ruulrosreliunut

839 3568 1032 3631 LECTIONES
1049 3566 1259 3629 tentamus.

267 3657 276 3706 t
308 3657 412 3733 Crucem
424 3660 529 3711 llnuerc.
1036 3666 1059 3731 (ζ
1109 3661 1160 3728 ((0)
1178 3658 1263 3722 Quane
1297 3654 1878 3722 ueebnsdmlstugeuturltrureulugarentm

264 3656 288 3778 21
307 3720 381 3795 Oeius
392 3720 467 3774 senil.
1080 3729 1203 3796 Wouroer.
1216 3735 1230 3773 e
1242 3672 1302 3773 (ᾖ.
1468 3779 1475 3791 ,
1552 3768 1557 3777 ,
1775 3778 1783 3790 ‚

265 3784 282 3832 3
308 3782 334 3833 Sl
346 3785 479 3836 nouFruu.
1104 3787 1154 3855 ((1)
1174 3788 1217 3838 Sic
1228 3786 1523 3837 duonuerrmctonrure
1532 3778 1680 3843 rod-teins
1699 3787 1782 3833 coeterr
1792 3796 1798 3829 :
1809 3780 1879 3835 lm

224 3850 226 3855 '
266 3847 280 3897 l
309 3846 414 3899 Sensum
427 3845 506 3899 tntis.
1076 3848 1287 3904 marmenem.

265 3912 279 3956 ἵ(
309 3907 463 3961 denuncient
474 3912 551 3961 Furni.
563 3910 619 3977 Rip.
1120 3914 1149 3965 (Ξ
1175 3910 1330 3969 anulum,
1343 3909 1420 3959 Frmt.
1431 3909 1510 3958 reista
1524 3906 1655 3959 resultabit
1668 3906 1772 3979 Moti.
1783 3904 1862 3959 Periti.

265 3972 281 4020 6
309 3968 382 4021 Codd.
396 3972 453 4023 Put.
471 3982 498 4025 et
515 3972 613 4037 bugd..
630 3972 729 4037 libem,
749 3972 804 4025 nid.
818 3984 845 4027 et
856 3976 899 4027 Fr.
914 3976 1020 4029 Jouitts:
1120 3978 1149 4028 lo
1172 3972 1326 4039 Oppugaudo
1336 3973 1396 4022 Jun.
1411 4031 1417 4042 υ
1763 4032 1770 4043 ο

222 4033 415 4097 operationibus.
1118 4040 1147 4091 lt
1168 4040 1209 4089 ltu
1219 4036 1275 4087 cod.
1289 4033 1373 4095 mid,
1387 4038 1442 4102 tttp.
1454 4038 1477 4085 et
1487 4034 1551 4086 lluu
1559 4046 1569 4097 ;
1580 4033 1635 4087 cod.
1649 4032 1725 4099 Lupd.
1741 4044 1789 4082 :in
1799 4044 1877 4097 sero3

266 4097 280 4145 'i
310 4094 487 4149 Vmuitinbmlt'
501 4098 594 4150 Parent.
1074 4111 1271 4153 caeterromnes:
1288 4097 1409 4148 rubeum.

265 4158 281 4206 8
308 4158 384 4209 Plena
396 4158 419 4209 ia
432 4159 520 4222 cerdo,
534 4163 642 4224 murima
655 4163 761 4213 duone.
1111 4164 1159 4231 ((5)
1177 4162 1277 4215 Peritiae
1286 4161 1362 4211 Fruar.

265 4221 281 4271 tl
309 4220 676 4277 lnClrristodominummnuult
691 4226 812 4277 Wouwer.

910 4308 1192 4373 COMbIENTdeUS.

224 4399 411 4473 largitionem,
425 4418 486 4470 ntiae
504 4413 592 4459 tamen
608 4404 689 4473 paulo
709 4414 835 4473 postcom
850 4414 936 4462 morte
954 4405 1024 4464 loret
1111 4410 1150 4485 (c)
1170 4408 1260 4464 dmin
1270 4408 1326 4463 (ωε
1336 4413 1424 4461 uorlru
1441 4405 1469 4458 iu
1482 4402 1541 4458 iiior
1555 4400 1753 4471 dondnotio',·et
1763 4410 1877 4473 polulus

223 4472 1023 4545 commutanda.Viulg.uliurderuoritnrir.didustanuenulia
1075 4480 1299 4541 denominatione
1318 4475 1501 4534 Claristioulet.
1535 4474 1666 4531 Notabilis
1701 4482 1744 4530 est
1765 4473 1879 4532 tubane

224 4544 396 4609 demeritorie,
421 4555 490 4600 utet
511 4546 543 4601 l..
566 4545 596 4601 li.
620 4557 648 4603 et
674 4546 758 4617 agab.
779 4556 808 4602 ut
830 4558 920 4617 pateat
937 4560 964 4604 ro
982 4550 1025 4605 die
1075 4552 1235 4609 senteutiam
1259 4549 1354 4605 irenaei
1379 4547 1472 4613 luetis.
1497 4546 1546 4603 lib.
1570 4561 1598 4601 u.
1628 4560 1690 4617 cap.
1714 4544 1742 4602 5.
1768 4544 1878 4603 Domini

224 4615 367 4671 excidisse.
388 4616 529 4673 Sallustius
547 4618 651 4673 Sullani
672 4618 698 4671 iu
715 4619 839 4687 periculis
854 4620 1022 4689 imperterri-
1076 4624 1161 4681 nostri
1175 4622 1295 4687 nomini,
1307 4620 1410 4690 inquit.
1428 4617 1547 4689 saneola
1557 4626 1622 4674 sunt
1635 4615 1736 4673 omnia.
1751 4617 1784 4672 Et
1794 4633 1877 4688 prop-

224 4694 280 4741 tum
295 4687 345 4742 lioo
356 4686 435 4741 iiindu
448 4690 629 4755 aruiuuenmri
643 4688 676 4745 ad
687 4688 815 4745 Voloeeru
827 4689 899 4757 lacit,
913 4693 937 4747 in
949 4692 1024 4748 Bello
1077 4704 1120 4753 ter
1132 4696 1184 4751 troo
1197 4692 1284 4750 iudaei
1299 4706 1382 4763 usquo
1394 4705 1467 4747 none
1481 4691 1532 4746 bae
1551 4690 1609 4761 ipsa
1629 4687 1805 4746 advocatione
1818 4688 1878 4747 dm·

225 4755 284 4827 jug.
299 4772 358 4827 erip.
372 4757 438 4813 cvl.
455 4758 561 4815 iitiuimi
575 4770 642 4815 certa
656 4761 861 4831 mellendensi,
874 4778 1025 4821 reinmarum
1078 4780 1174 4822 saronas
1186 4764 1315 4832 edanum.
1329 4764 1398 4819 Pte.

222 4830 318 4899 parim,
332 4846 409 4900 qurum
422 4832 529 4899 proditis
541 4848 604 4896 uiros
618 4834 735 4896 ducebat,
750 4834 820 4900 turpi
836 4836 899 4905 supa
914 4821 1063 4901 insemel)
1114 4836 1154 4920 (d)
1168 4836 1199 4893 st
1212 4836 1274 4893 illis.
1300 4834 1403 4893 Sensus
1416 4832 1574 4900 absolutor,
1587 4832 1635 4889 sed
1655 4840 1743 4887 umen
1757 4831 1801 4889 hie
1812 4842 1875 4890 est:

223 4915 254 4954 ne
277 4902 385 4973 forsitan
405 4904 481 4972 puato
496 4913 552 4975 post
566 4906 653 4959 nimbo
666 4903 806 4960 iitterituroe
819 4906 877 4961 uitro
899 4916 1023 4977 parceret.
1075 4910 1177 4967 eredne
1195 4908 1265 4971 iliis.
1278 4922 1339 4963 euin
1358 4905 1472 4977 adjurati
1485 4921 1500 4960 a
1516 4904 1594 4959 nobis
1612 4919 1706 4959 serum
1728 4903 1817 4959 dicunt
1826 4922 1837 4973 3
1851 4904 1876 4961 si

954 4977 1022 5035 ilar.
1076 4982 1149 5038 enim
1164 4982 1258 5036 liceret
1278 4978 1330 5033 iilis
1349 4977 1473 5042 mentiri,
1487 4974 1596 5046 qnando
1613 4974 1695 5031 liomo
1707 4974 1877 5033 Christianus

264 5041 422 5169 (agillimos
432 5053 455 5100 et
469 5043 687 5101 lludnumntbuur.
702 5045 791 5104 Poetis
800 5048 827 5102 in
842 5046 893 5104 luoo
906 5062 1020 5106 eonsen-
1077 5054 1217 5109 veritatem
1230 5051 1306 5105 vobis
1321 5048 1437 5119 probare
1448 5048 1523 5113 ruli,
1536 5046 1656 5103 lacerent
1668 5056 1758 5111 oente3
1777 5061 1813 5103 ne
1826 5062 1877 5104 ros

227 5113 278 5171 tire
312 5115 430 5172 latonem
444 5117 470 5172 in
481 5116 628 5174 limererba
642 5128 765 5174 renuisset
781 5120 813 5175 b.
826 5117 896 5175 lost.
908 5118 976 5176 biart
996 5138 1018 5175 r.
1075 5132 1130 5180 tam
1144 5122 1295 5179 irruetuosos
1307 5119 1357 5176 sibi
1374 5119 1545 5185 amitterent,
1559 5119 1614 5174 imo
1631 5132 1693 5173 nea
1709 5119 1784 5173 tobis
1797 5118 1875 5189 ipsis,

228 5186 305 5257 Apol.
317 5184 345 5242 ἱ.
360 5186 453 5255 Plato,
468 5188 570 5259 iniquit.
585 5188 800 5245 bladamantbum
814 5198 842 5246 et
856 5189 962 5247 blinoen
975 5194 1020 5249 iti·
1074 5196 1137 5250 olim
1151 5194 1218 5250 lorte
1230 5191 1409 5260 diuisurum,
1424 5188 1460 5245 ab
1473 5189 1560 5261 aliqua
1577 5190 1749 5259 possessione
1763 5204 1811 5245 sua
1824 5190 1874 5247 de·

227 5256 288 5313 dem
304 5257 663 5328 injustosadsereuientes
699 5260 819 5317 terarum
835 5276 896 5317 osse
909 5262 1017 5332 docuit,
1074 5264 1335 5321 turbaremurdiar.

225 5344 275 5383 nos
288 5340 377 5385 autem
390 5330 505 5401 idipsum
515 5329 612 5387 luctum
628 5331 660 5387 iri
671 5276 786 5388 (ficimus
796 5372 804 5397 ,
815 5332 862 5389 sed
876 5330 1017 5390 aclulao.
1105 5336 1186 5393 crib.
1198 5334 1385 5408 xxii-(el
1401 5334 1483 5391 (απ
1495 5332 1758 5405 pallitoeelnth'ittae
1764 5332 1875 5389 Rom-r·

224 5399 317 5455 Addit.
330 5409 398 5456 orat.
413 5415 463 5471 pro
474 5401 633 5465 Christianis
652 5401 912 5477 Adienagoras:Nos
927 5416 1017 5461 autem
1071 5403 1873 5479 illrumnonadvertisseabaucleetiouemiligattiumaliosre,

225 5470 282 5527 sire
292 5470 378 5526 binus
391 5472 448 5529 sire
470 5472 670 5531 Radamanthus
686 5476 722 5530 sit
742 5478 799 5532 sive
812 5474 908 5546 aliquis
924 5489 1017 5532 eorum
1071 5480 1120 5536 sed
1130 5480 1246 5536 edidisse
1256 5480 1324 5534 leina
1336 5479 1445 5533 urrunnun
1457 5474 1875 5533 Romn'lriaonimdiluit:cri-

224 5550 319 5625 paler‚
341 5558 375 5597 uria
388 5558 449 5624 oum
465 5545 573 5615 quidem
597 5547 684 5619 ipsum
699 5545 868 5617 effugiturum
878 5560 938 5603 esse
948 5546 1020 5618 judi·
1076 5566 1137 5607 uteu
1150 5552 1237 5623 primo
1248 5551 1321 5605 leste
1334 5548 1487 5615 religionis.
1502 5561 1581 5618 quam
1594 5544 1695 5602 Gentes
1711 5548 1809 5617 passim
1822 5546 1876 5603 ob·
1894 5586 1903 5599 .

224 5630 295 5669 erum
309 5614 354 5668 bei
369 5612 493 5670 didimus.
519 5617 586 5673 (Ἢ.
1071 5632 1190 5687 servant,
1203 5633 1258 5677 tum
1274 5620 1407 5691 imprimis
1417 5620 1544 5675 llomaiue
1559 5658 1567 5683 ‚
1583 5634 1645 5690 qum
1661 5627 1735 5675 oerte
1753 5618 1876 5676 distabat

261 5684 300 5756 (b)
323 5684 425 5741 Putidis
448 5686 516 5757 rupis
543 5704 672 5758 perornan.
696 5690 822 5746 Votorum
846 5690 1019 5747 eoldumolils
1071 5687 1876 5767 aeynoeopbalisetiniquinameutisAEgyptloruin‚lioetnon·

225 5767 352 5813 oneratos
362 5756 499 5812 dmnminis
509 5768 661 5813 notumest.
675 5760 883 5828 SulpitiusdoS.
895 5760 1017 5818 bisurtino.
1071 5780 1207 5836 rrirriquam
1221 5766 1302 5821 eliani
1318 5766 1410 5820 llouun
1423 5761 1549 5831 receptis.
1563 5760 1657 5819 nertio
1673 5762 1778 5817 titulum
1799 5763 1875 5820 laste

228 5825 296 5892 Qidd
315 5826 366 5889 dic,
383 5828 478 5893 tannarii,
487 5830 584 5895 uitetur,
596 5840 700 5884 cruciatu
713 5829 809 5888 bertin?
831 5830 908 5889 Nibii
921 5834 946 5891 iu
961 5850 1016 5907 rior,
1070 5837 1231 5907 augustioris
1243 5838 1391 5907 riiajestatis
1404 5835 1519 5892 Caesaris
1533 5851 1572 5891 so.
1588 5835 1623 5891 de
1642 5848 1696 5917 quo
1709 5848 1735 5891 e.
1749 5832 1873 5902 xxiiii,

227 5898 343 5966 funeste,
357 5898 474 5969 lebuine.
488 5900 553 5955 luc.
1071 5909 1114 5965 cui
1124 5919 1152 5966 et
1164 5906 1291 5967 Gentium
1303 5920 1331 5966 et
1342 5908 1524 5965 Roiiiauorum
1535 5907 1577 5968 Dii
1596 5906 1720 5978 subnecti.
1734 5906 1875 5966 boboam
