4084 6334
217 283 276 348 aaa
892 274 1125 340 inaminata
1819 276 1881 337 sao

228 418 324 461 eruces
355 410 434 459 erunt
459 399 584 458 intestina
622 396 818 470 quodammodo
841 405 1018 470 tropaorum.
1034 395 1160 467 Acapite
1179 402 1207 452 et
1228 393 1335 451 ieoniao
1359 392 1433 453 etde
1449 394 1518 454 bove
1541 404 1569 455 et
1594 396 1725 456 deariete
1755 406 1783 457 et
1797 399 1877 458 birco

226 495 320 568 ltaque
331 496 358 551 iu
372 493 497 551 Victoriis
514 501 543 549 et
555 506 649 548 eruces
666 490 731 547 colit
751 490 897 547 castrensis
909 490 1018 561 religio,
1073 490 1178 547 eoruuti
1193 488 1240 557 dii,
1263 489 1466 562 caprigeaavel
1486 491 1595 563 anguini
1610 500 1637 575 et
1660 492 1739 549 alites
1766 494 1873 563 planta,

223 590 300 661 sigua
313 587 417 654 adorat,
431 585 506 659 sigua
524 584 641 656 deierat,
657 585 732 657 sigua
747 584 798 655 ipsi
817 583 877 641 loti
893 582 1017 655 prreiert.
1074 582 1162 639 lroute
1188 594 1216 639 et
1233 590 1309 655 tergo
1327 581 1376 656 (r).
1399 582 1470 653 Quid
1492 582 1583 657 itaque
1611 591 1733 641 nostrum
1748 586 1876 643 unicum

221 681 275 739 Sed
300 681 346 737 ilie
372 680 517 752 imaginum
545 688 687 751 suggestus
708 686 738 735 et
755 679 838 734 totius
862 678 919 733 auri
934 678 1042 733 cuitus·
1076 674 1233 731 denotatis?

216 773 332 830 unouilia
355 787 465 829 aueum
486 770 710 829 suntsicetiam
735 769 762 826 ia
782 770 919 825 eaumbris
942 778 1024 841 atque
1113 769 1158 825 td.
1173 769 1267 826 Plures
1281 768 1417 827 duceretae
1437 784 1523 841 penes
1545 785 1594 827 ros
1621 770 1876 845 deprehenduntur.

221 868 338 935 vexillis,
353 882 414 939 que
427 883 482 924 non
496 869 602 924 minore
621 866 764 923 sanctitate
778 864 874 921 militia
893 864 1021 931 custodit,
1073 862 1104 919 Si
1120 864 1145 917 ia
1160 862 1220 919 deis
1233 862 1385 934 etqualitate
1397 864 1595 931 concurrimus,
1610 866 1741 937 sequitur,
1748 876 1778 922 ut
1789 868 1878 923 sacri·

216 959 389 1031 sipbaroiila
404 969 614 1017 t¹ettlescrttcum
629 967 702 1014 sunt.
716 957 895 1026 Erubescitis,
911 958 1019 1028 opinor,
1077 956 1131 1013 licii
1147 957 1190 1013 vei
1213 958 1284 1013 sacri
1302 973 1409 1031 quoque
1428 958 1503 1015 inter
1516 974 1567 1015 nos
1583 958 1726 1016 diversitas
1739 960 1810 1017 nulia
1824 961 1874 1031 sit,

220 1050 337 1109 irtcultus
349 1051 472 1108 etnudas
482 1066 579 1107 eruces
591 1051 692 1107 colere.
1077 1057 1107 1105 ut
1118 1064 1150 1106 or
1166 1050 1217 1106 alia
1230 1050 1323 1121 speeie
1334 1051 1543 1123 comparationis
1551 1052 1618 1108 satis
1626 1051 1682 1109 bat.
1694 1052 1748 1110 Nos
1762 1053 1875 1110 inlanti-

257 1145 304 1199 l5.
320 1144 372 1199 tilii
386 1144 466 1216 plane
481 1144 623 1199 bumauius
635 1143 722 1200 solem
734 1142 917 1199 Christianum
940 1143 1021 1199 deum
1074 1142 1147 1199 cidio
1173 1143 1280 1199 litamus
1299 1144 1357 1200 sire
1381 1146 1538 1201 initiamus?
1551 1146 1606 1203 llos
1623 1188 1631 1216 ,
1647 1150 1671 1225 si
1696 1148 1730 1203 de
1744 1149 1878 1205 memoria

222 1239 378 1306 estimant,
403 1238 475 1310 quoti
499 1238 645 1295 innotuerit
659 1222 698 1293 ad
720 1239 831 1293 orientis
852 1248 955 1308 partem
983 1236 1023 1309 (a)
1077 1234 1210 1303 abierunt,
1240 1252 1299 1307 qum
1319 1235 1392 1292 cade
1408 1235 1541 1307 bominis,
1565 1255 1679 1313 quaque
1702 1241 1878 1299 infanticidiis

222 1330 313 1387 iacere
331 1346 382 1388 uos
395 1331 576 1403 precationem
588 1330 630 1387 voi
645 1329 768 1387 diesoiis
784 1330 904 1386 letitiam
915 1344 1021 1387 curare.
1078 1326 1248 1397 transegisse,
1270 1330 1468 1399 recognoscetis
1495 1344 1544 1385 suo
1565 1331 1678 1399 ordiue;
1706 1348 1776 1391 nuuc
1800 1336 1876 1391 cuitu

223 1421 293 1492 Quid
307 1439 355 1479 vus
382 1425 472 1479 miuus
496 1422 597 1479 laeitisi
621 1423 680 1478 Nou
706 1422 828 1494 plerique
855 1422 1025 1479 affectatione
1076 1418 1226 1475 otrannus
1248 1419 1387 1491 pleraque,
1401 1416 1436 1478 tt'e
1454 1421 1548 1487 eadem
1563 1422 1704 1479 uideamur
1717 1426 1814 1498 ubique
1826 1441 1874 1483 re·

223 1513 353 1571 adorandi
374 1514 518 1585 aliquando
532 1516 612 1571 otiam
633 1515 753 1571 creastis
776 1515 809 1571 ad
830 1514 896 1570 solis
919 1515 1024 1570 initium
1064 1520 1203 1569 structore.
1225 1512 1354 1578 interim,
1386 1512 1493 1581 utdixi,
1509 1530 1542 1571 ex
1570 1516 1622 1571 alia
1643 1526 1719 1588 parte
1733 1533 1785 1574 non
1799 1518 1878 1575 deest

218 1605 300 1663 labra
312 1608 435 1662 vibratis?
449 1606 501 1663 Vos
509 1616 584 1664 certe
594 1608 671 1677 estis,
687 1608 820 1683 quietiora
829 1608 856 1663 iu
864 1608 1025 1664 laterculum
1076 1600 1315 1675 adaquametiam
1332 1606 1381 1660 etsi
1395 1620 1444 1661 nos
1463 1606 1540 1662 aliter
1561 1606 1611 1681 (tl),
1633 1623 1712 1665 amen
1726 1626 1780 1665 noa
1800 1612 1881 1668 aliter

223 1699 447 1770 septem-dicrum
460 1701 547 1757 sulem
565 1701 718 1773 recepistis,
733 1712 805 1756 etex
819 1700 914 1755 diebus
937 1701 1024 1771 ipsum
1078 1710 1126 1753 vos
1141 1696 1177 1767 (a)
1191 1712 1299 1768 quoque
1313 1697 1486 1767 ialantieidre,
1512 1699 1555 1769 qui
1576 1698 1690 1757 inianter
1712 1700 1798 1759 editos
1810 1716 1880 1759 ene·

220 1796 395 1867 praelegistis,
418 1811 473 1867 quo
495 1796 540 1852 die
559 1796 695 1851 lavacrum
717 1794 906 1863 substrahatis,
930 1806 976 1849 aut
998 1796 1024 1849 in
1042 1799 1171 1887 Beatttes
1186 1788 1292 1861 legibus
1304 1790 1411 1861 quidem
1426 1790 1615 1862 prohibemini,
1634 1793 1681 1849 sed
1696 1794 1776 1850 ⁰1¹¹!ae
1788 1795 1878 1867 magis

223 1906 366 1961 respersam
389 1890 529 1961 (liberatis,
540 1902 587 1948 aut
605 1894 689 1950 otium
706 1900 735 1948 et
758 1892 898 1963 prandium
913 1893 1024 1948 curctis.
1080 1881 1153 1953 ¹⁰b⁰⁵
1172 1891 1224 1939 Μ
1248 1883 1368 1954 impune,
1397 1894 1450 1939 lam
1468 1900 1564 1941 Seium
1591 1884 1642 1942 sub
1665 1888 1883 1945 Ombibmcons·

225 1986 422 2059 Quoqqqpqqm
438 1986 718 2043 facqumrpapqqes
731 1996 759 2042 et
779 1987 830 2056 ipsi
852 1986 979 2042 accepis
992 1984 1027 2042 ad
1080 1974 1187 2030 eioutiae
1199 1974 1278 2030 unius
1290 1991 1314 2030 ae
1328 2012 1408 2032 .......
1424 1976 1691 2033 tabelliseiudumur.
1713 1978 1768 2035 Sed
1782 1994 1832 2036 nec
1846 1996 1881 2038 eo
1905 1996 1912 2007 ·

227 2078 329 2135 alienas
362 2078 515 2149 religiones.
542 2077 629 2135 ludrei
653 2080 726 2134 enirn
751 2079 831 2142 lcsti,
855 2076 967 2135 sabbata
980 2080 1028 2147 tet
1079 2068 1194 2135 distant,
1214 2066 1237 2124 Si
1257 2082 1303 2123 los
1321 2070 1445 2125 1)θῦῐίῑῦ
1464 2069 1550 2135 Silii.
1570 2083 1660 2141 bellue
1685 2068 1737 2127 1¹00
1756 2073 1872 2128 necatis·

224 2184 301 2227 coeun
322 2185 399 2243 pura,
423 2180 451 2226 et
473 2169 574 2241 judaici
597 2171 666 2226 ritus
691 2170 862 2225 lucernarum
877 2181 904 2225 et
923 2168 1025 2240 ieiunia
1079 2162 1179 2233 Atquin
1194 2162 1221 2216 iu
1237 2161 1289 2217 boc
1310 2162 1440 2231 asperius,
1466 2161 1539 2233 quod
1560 2160 1660 2234 irigore
1675 2172 1701 2218 et
1721 2163 1800 2231 lame,
1827 2174 1876 2221 aut

224 2280 285 2321 euru
296 2267 397 2337 azymis
409 2272 436 2320 et
446 2265 581 2321 orationes
593 2264 724 2332 litorales,
735 2280 796 2335 qum
816 2264 908 2335 utiquo
935 2263 1025 2319 aliona

225 2369 289 2415 strat
303 2376 317 2412 u
333 2358 613 2425 diistcstrisQuare,
640 2367 669 2413 ut
691 2358 725 2413 ab
749 2372 864 2413 excessu
893 2366 1024 2422 revertar,

225 2451 271 2521 qui
282 2450 366 2505 solem
376 2461 403 2505 et
425 2450 497 2505 diem
516 2450 575 2520 ejus
589 2448 668 2505 uobis
679 2448 859 2519 exprobratis,
885 2449 1028 2519 agnoscite

226 2543 402 2611 vicinitatem3
422 2556 476 2599 nou
490 2542 595 2615 longett
610 2542 729 2599 Saturno
750 2552 779 2599 et
792 2542 910 2601 sabbatis
926 2542 1024 2599 vostris

226 2650 331 2695 santus.

270 2732 314 2786 ll.
326 2730 401 2785 Nora
410 2732 466 2799 jam
480 2728 516 2785 de
528 2729 583 2785 lieo
602 2738 696 2786 ttostro
709 2728 781 2783 btma
795 2729 940 2801 suggessit.
956 2727 1032 2783 adeo

232 2838 319 2894 nuper
334 2821 441 2893 quidum
462 2822 659 2892 perditissimus
685 2821 712 2876 itt
737 2820 788 2876 ista
814 2820 932 2890 civitate,
949 2822 1030 2877 etiam

229 2932 288 2973 strar
311 2915 448 2986 religionis
475 2915 607 2983 desertor,
633 2915 691 2971 solo
714 2913 877 2970 detrimento
890 2916 961 2969 eutis
979 2913 1031 2970 iu-

228 3008 373 3082 deus(b),
389 3009 483 3079 utique
495 3007 581 3080 magis
597 3017 657 3078 post
678 3004 827 3063 bestiarum
850 3020 967 3072 prorsus,
992 3007 1026 3061 ad

232 3118 299 3175 qttac
312 3117 343 3158 se
361 3099 607 3172 iocandoquotidie
624 3108 681 3155 toto
703 3099 757 3169 jam
781 3114 896 3170 corpure
917 3098 1029 3166 decutit,

239 3210 301 3251 euru
314 3194 423 3259 incedit,
438 3194 569 3264 picturam
585 3192 611 3246 ia
626 3206 677 3248 nos
691 3189 944 3262 proposuitsubista
956 3205 1031 3261 pros-

238 3286 388 3357 criptione:
403 3281 627 3340 babdutam
639 3283 691 3354 (ὅ).
717 3282 744 3337 ls
764 3282 953 3338 erat-auribus
965 3297 1031 3337 eau-

229 3380 371 3446 turiurum,
381 3388 409 3434 et
419 3378 445 3432 in
458 3386 538 3448 toga,
553 3391 614 3433 otuu
623 3374 704 3443 libro,
718 3375 803 3431 altero
813 3374 880 3445 pede
890 3373 1030 3446 ungulato.

229 3470 263 3527 Et
280 3469 394 3527 credidit
421 3469 516 3540 virgus
527 3468 628 3539 judeo.
653 3465 729 3536 Quod
753 3466 825 3523 onitu
846 3466 918 3523 aliud
945 3482 1031 3539 gouus

1082 2254 1175 2311 bestiis
1178 2290 1305 2310 ..........
1322 2256 1366 2322 tis,
1383 2261 1428 2310 aut
1442 2254 1563 2326 longiore
1583 2256 1608 2310 in
1633 2257 1708 2327 aquis
1722 2265 1809 2313 morte
1831 2257 1883 2315 de-

1082 2346 1211 2417 mergitis.
1229 2350 1264 2401 itt
1286 2355 1314 2402 et
1331 2347 1354 2403 oi
1378 2362 1431 2419 quo
1434 2385 1524 2405 ........
1539 2346 1695 2404 dissimilius
1722 2365 1805 2422 peaes
1818 2364 1868 2409 vos

1083 2438 1121 2505 bt,
1136 2453 1168 2492 cu
1182 2438 1307 2505 addicite,
1331 2452 1385 2509 quo
1405 2448 1493 2495 vestra
1509 2440 1619 2510 pignora
1629 2454 1662 2496 ex
1666 2478 1835 2498 ..........
1846 2458 1880 2513 s,

1081 2540 1120 2589 et¹
1131 2531 1309 2603 supplebitur.
1324 2528 1380 2587 imo
1399 2532 1649 2603 superacervabitur
1668 2534 1694 2589 in
1709 2534 1785 2591 robis
1798 2535 1879 2607 quid·

1082 2625 1206 2695 quid...
1222 2664 1229 2678 .
1248 2625 1353 2681 ratione
1378 2622 1517 2681 deiecerit.
1543 2624 1599 2682 Sed
1621 2626 1655 2683 de
1678 2640 1711 2683 ea
1734 2627 1882 2699 impietatis

1083 2720 1170 2775 bestia
1196 2720 1311 2775 dicimur
1313 2758 1389 2774 .....
1401 2719 1464 2777 duro
1480 2722 1516 2777 ita
1530 2736 1635 2794 quoque
1649 2722 1677 2778 iu
1689 2723 1766 2780 vobis
1777 2738 1873 2797 recog·

1081 2814 1212 2881 nuscitur,
1232 2814 1280 2871 ubi
1300 2814 1476 2886 opportunius
1500 2816 1616 2886 positum
1644 2824 1685 2873 est
1697 2859 1704 2885 ,
1718 2833 1774 2873 ‘nou
1795 2819 1881 2877 multo

1082 2906 1247 2963 secernimur
1259 2923 1274 2962 a
1286 2916 1372 2961 vestra
1394 2908 1550 2974 voracitate,
1564 2909 1587 2963 si
1611 2907 1655 2963 iila
1670 2908 1804 2980 impudica
1817 2918 1870 2980 est,

1082 3008 1172 3055 nostra
1191 3014 1255 3055 vero
1268 2999 1393 3064 erudelis,
1419 3000 1654 3073 eortiuugiutur‘si
1678 3001 1747 3060 lorte
1767 3016 1873 3073 natura,

1084 3109 1135 3164 qua
1148 3108 1257 3163 semper
1270 3095 1371 3149 saevitia
1385 3108 1445 3150 cum
1456 3094 1619 3166 impudicitia
1630 3096 1785 3153 concordat.

1120 3186 1165 3241 id.
1183 3186 1338 3257 Qttanquaru
1349 3188 1412 3260 quid
1426 3189 1524 3258 miuus,
1540 3190 1594 3245 imo
1606 3190 1668 3262 quid
1691 3204 1744 3246 uon
1760 3189 1877 3261 amplius

1084 3276 1286 3351 farcitislparum
1311 3282 1412 3337 scilicet
1440 3282 1562 3337 bumauis
1587 3282 1734 3339 visceribus
1757 3282 1882 3350 inhiatis,

1084 3373 1146 3449 quio
1169 3374 1244 3428 vivos
1267 3374 1431 3445 etpuberes
1445 3374 1593 3432 devoratis?
1617 3391 1709 3447 parum
1732 3375 1880 3433 humanum

1085 3466 1242 3537 sanguinem
1266 3465 1405 3531 lambitis,
1429 3468 1556 3538 quoniam
1581 3465 1701 3523 futurum
1721 3460 1879 3541 sauguinem

226 3563 402 3623 seminarium
413 3572 457 3619 est
466 3562 580 3617 iaiamire
589 3562 702 3618 nostrai
710 3547 802 3633 ltaque
814 3560 842 3615 iu
855 3568 911 3616 tota
921 3560 1029 3617 civitate
1043 3560 1066 3624 C
1081 3559 1200 3616 elicitis?
1225 3574 1319 3631 parum
1342 3560 1443 3619 insanie
1471 3562 1632 3630 vescimini,
1662 3563 1723 3633 quia
1747 3562 1877 3619 infantem

228 3661 349 3719 arautem
365 3656 535 3725 preadicatur.
546 3655 601 3713 Sed
616 3666 643 3711 ct
658 3655 710 3712 buc
722 3665 830 3727 totaque
851 3665 993 3712 externum
1002 3664 1033 3712 et
1085 3663 1168 3710 totum
1182 3669 1353 3726 praeoqttum
1367 3656 1540 3727 perhauritis?
1553 3657 1666 3713 Ventum
1679 3668 1722 3713 est
1736 3658 1770 3714 ad
1785 3659 1879 3717 boram

228 3751 386 3807 auctoritate
401 3747 530 3821 teutporis
541 3750 726 3807 destitutumm
741 3752 896 3822 etqualitate
908 3752 1029 3809 auctoris
1080 3748 1250 3805 lucernarum
1269 3758 1297 3805 ot
1310 3751 1435 3806 caninum
1449 3750 1625 3807 ministerium
1640 3760 1666 3808 et
1680 3752 1787 3821 ingenia
1800 3760 1876 3810 teue-

229 3842 386 3911 iabrmum,
420 3844 536 3900 libenter
556 3843 688 3915 excipiam
714 3845 804 3903 studio
836 3846 1023 3918 retorquendi.
1082 3840 1276 3910 beornmodo
1299 3840 1326 3897 iu
1351 3842 1410 3899 loeo
1430 3851 1521 3899 metuo
1542 3859 1577 3901 ne
1596 3843 1703 3901 cedam.
1717 3845 1787 3914 Quid
1804 3847 1878 3902 cuim

231 3935 377 3991 Videamus
390 3935 482 4007 igitur,
495 3951 529 3991 an
543 3934 588 3991 bie
599 3951 706 4008 quoque
719 3937 859 3994 nobiscum
872 3937 1028 4009 deprebeu·
1083 3936 1136 3991 tale
1147 3938 1173 3991 ia
1194 3937 1268 3993 robis
1276 3936 1414 3993 detinebo?
1430 3936 1589 4008 ilerumiam
1604 3938 1710 3996 laudate
1725 3939 1840 3995 consiliu
1854 3954 1880 3997 tu

230 4028 342 4085 domini.
356 4029 449 4101 Neque
463 4032 535 4085 cuim
548 4031 660 4087 interest
669 4046 722 4102 qua
738 4030 833 4099 torma,
854 4031 919 4089 dum
933 4031 1031 4089 dolor·
1082 4032 1178 4087 incesti
1193 4030 1347 4097 verecundi,
1363 4030 1433 4101 quod
1446 4030 1594 4087 adulteram
1613 4043 1719 4089 noctem
1730 4034 1882 4091 commenti

234 4124 288 4182 ntia
308 4123 450 4181 simulacra
471 4124 611 4181 curemus?
636 4125 705 4181 Sunt
730 4141 812 4197 peaes
832 4141 881 4183 vos
893 4137 921 4183 ct
933 4125 1031 4183 cattiao
1084 4140 1185 4191 sumus,
1201 4140 1235 4180 ae
1252 4124 1411 4193 amineam,
1426 4134 1472 4181 aut
1485 4141 1576 4183 veram
1590 4136 1697 4185 noctem
1711 4125 1881 4189 contamina-

848 4238 1039 4297 cadamitas
1057 4238 1264 4297 inaltatus.

275 4356 300 4420 l)
314 4364 373 4405 artu.
387 4356 577 4417 contignatione.
1081 4358 1105 4406 et
1115 4353 1159 4406 ltoc
1169 4352 1196 4405 t'u
1211 4352 1229 4403 l.
1245 4354 1302 4407 etia
1312 4350 1436 4421 apologet.
1448 4368 1497 4409 scr.
1519 4355 1687 4412 Onucboetes.

288 4422 298 4486 J
311 4417 473 4470 scribentum
484 4431 536 4471 etse
554 4433 648 4480 renota<
673 4430 706 4471 es
716 4412 836 4483 epotas.
849 4425 968 4487 apparea
978 4418 1029 4487 riq.

329 4526 332 4533 ¹
919 4549 1199 4613 COMMENTARIUS.

267 4668 307 4741 (a)
317 4668 357 4723 Ad
367 4666 478 4722 Orientis
486 4675 585 4739 portem
597 4671 678 4738 [oeae
689 4683 735 4748 rtur
750 4668 926 4734 precationem.
941 4668 1029 4725 lieris·
1041 4675 1069 4736 D
1082 4674 1154 4745 ipsas
1166 4675 1337 4737 adoratione
1350 4674 1534 4745 descendunt,
1550 4687 1580 4739 ei.
1596 4680 1631 4737 de
1645 4680 1779 4740 morsibus
1800 4683 1875 4741 eide

232 4740 328 4796 simum
344 4739 578 4809 certissimumque
590 4748 632 4793 est
645 4737 805 4794 ebrtstianos
822 4739 954 4796 orientem
966 4756 1027 4797 ver·
1080 4747 1249 4804 cicatricibus
1265 4748 1437 4805 formosiores
1449 4750 1500 4805 sibi
1515 4750 1648 4808 videntur.
1662 4753 1723 4812 lito.

230 4826 277 4869 sus
289 4826 383 4882 preces
397 4826 459 4866 suas
471 4825 624 4880 nuncupare
637 4810 749 4876 solitos;
764 4811 835 4865 illius
851 4821 940 4867 autem
959 4828 1024 4868 eou-
1112 4819 1150 4891 (ο)
1170 4820 1248 4875 Aliter
1262 4821 1350 4890 plauto
1365 4822 1449 4892 fronte
1467 4832 1491 4875 et
1501 4832 1581 4894 terqo.
1596 4822 1625 4881 lu
1644 4827 1789 4897 exemplari
1808 4828 1874 4901 legi.

230 4884 379 4939 suetudinis
394 4883 452 4938 baec
472 4890 531 4938 erat
543 4884 621 4938 ratio.
633 4881 756 4964 Christus
769 4882 893 4964 domiuus
903 4882 930 4937 iu
944 4898 1024 4941 eruce
1077 4892 1397 4962 turtrllitesplounironte
1410 4900 1432 4945 et
1446 4900 1532 4963 trrqo,
1546 4898 1690 4962 mendose;
1707 4898 1848 4970 legendum
1863 4918 1871 4955 τ

231 4955 393 5011 constitutus
412 4954 444 5009 ad
467 4952 597 5009 Occasum
618 4953 872 5025 resptcielmt,mde
886 4953 1024 5012 christiani
1074 4958 1384 5089 Piortrodronteetterqo.
1397 4962 1869 5041 llereuriutuenimdesiguat.idem.

149 5060 153 5067 .
232 5033 358 5096 tauquam
382 5025 477 5081 deliris
490 5026 516 5080 in
530 5024 665 5081 Christum
686 5025 770 5081 oculis
785 5040 879 5082 versus
892 5026 1023 5083 orientem
1111 5032 1150 5108 (tl)
1191 5050 1231 5089 aut
1246 5037 1348 5091 etsittot
1363 5037 1446 5091 aliter.
1461 5036 1704 5107 Nosiuluatieidte,
1719 5056 1779 5099 cum
1794 5043 1870 5101 iaiatt

230 5110 261 5153 se
276 5096 466 5160 obvertebant,
482 5096 513 5152 S.
536 5098 717 5170 llierougmus
731 5098 766 5151 ad
780 5113 829 5167 cap
843 5097 870 5153 6.
888 5099 1024 5167 propbeta
1075 5112 1115 5160 tes
1128 5107 1160 5161 ad
1176 5108 1306 5163 saerilicia
1322 5116 1412 5164 nostra
1426 5108 1531 5164 cedere
1545 5110 1675 5179 dicimur3
1693 5128 1739 5169 vos
1755 5115 1868 5171 infanti-

230 5170 328 5225 Attius:
340 5169 375 5223 Iu
387 5170 512 5241 mysteriis
523 5170 635 5240 paruum
648 5170 821 5224 renuntiamus
833 5171 856 5223 ei
867 5212 875 5236 ‚
887 5170 932 5238 qrtt'
944 5172 971 5225 itt
980 5188 1024 5226 oc·
1074 5176 1158 5243 oldae,
1172 5180 1216 5250 qui
1235 5182 1350 5235 lui'antes
1372 5194 1467 5237 rebeus
1477 5181 1578 5239 ⁸editos
1592 5199 1642 5256 pro
1657 5185 1768 5243 arbitrio
1782 5196 1874 5245 vestro

230 5241 329 5296 sidente
341 5251 378 5295 cst
390 5286 398 5303 ‚
412 5243 534 5313 rtobt'sque
544 5243 652 5296 moritur
663 5256 722 5295 auur
734 5241 859 5309 peccatis,
873 5244 1023 5297 eldeberti
1075 5252 1198 5310 necatis:
1218 5250 1273 5306 Nus
1292 5266 1341 5323 pro
1360 5261 1450 5308 anostra
1463 5292 1470 5318 ,
1485 5264 1513 5308 ut
1535 5254 1641 5317 dicitis,
1658 5258 1796 5329 religione.
1825 5258 1881 5314 aas

231 5313 265 5367 oti
281 5312 408 5367 Orientem
420 5312 691 5382 puctuntt'aimurcum
703 5311 767 5367 Sole
778 5313 898 5380 iustitie,
909 5324 934 5368 et
945 5315 969 5367 ei
978 5332 1024 5369 uos
1077 5334 1125 5387 pru
1147 5323 1258 5378 arbitrio
1277 5334 1377 5378 vestro.
1394 5324 1449 5381 Vos
1469 5326 1578 5396 quidem
1604 5328 1734 5400 infantes,
1750 5331 1829 5387 aliter
1843 5346 1876 5387 ac

230 5386 366 5438 carituros
386 5401 440 5438 esse
464 5386 643 5454 prontittiruur.
666 5384 771 5440 Proioai
793 5385 964 5455 ctgeutiles‚
978 5387 1024 5457 qui
1076 5406 1126 5447 uos
1147 5394 1251 5450 caedere
1270 5396 1395 5459 dicimur,
1414 5401 1515 5456 caeditis
1528 5418 1538 5468 ;
1553 5413 1737 5462 verumtamen
1759 5403 1872 5461 caeditis.

233 5455 354 5510 veritatis
368 5456 478 5511 oratriuo
492 5466 570 5512 eraut
581 5465 709 5526 expertes
735 5457 941 5512 obvertebautur
958 5472 1025 5529 quo·
1075 5463 1116 5519 Eo
1130 5465 1136 5519 i
1157 5467 1210 5521 itur
1223 5468 1292 5536 quud
1307 5470 1409 5525 ceditis
1419 5514 1426 5536 ,
1437 5488 1518 5544 mque
1531 5476 1596 5532 estis
1612 5476 1788 5536 infanticidae.
1804 5474 1875 5534 RlG.

232 5540 284 5595 que
295 5527 329 5582 ad
340 5526 495 5583 Orientem.
509 5528 556 5582 sed
578 5528 714 5583 Orientem
735 5528 821 5583 solem
843 5528 923 5584 deum
944 5544 1024 5585 suum
1115 5536 1141 5609 (e
1171 5536 1412 5597 Tamnqunatuer
1424 5560 1476 5600 m
1496 5544 1657 5604 tnrfflqjcqqqt
1670 5552 1772 5607 eramen
1785 5561 1812 5608 eq
1824 5561 1878 5607 ω.

231 5596 454 5655 laisocredcntes
481 5597 520 5653 Lu
539 5598 588 5654 Pa.

365 5672 371 5683 .
490 5672 495 5681 Ι
650 5672 655 5683 Ι
1077 5615 1134 5663 tera
1149 5608 1246 5681 llagitia
1263 5612 1290 5667 irt'
1299 5614 1412 5683 gentiles
1425 5626 1574 5689 retorquet,
1588 5620 1632 5690 qui
1652 5622 1812 5678 oirristiauus
1825 5638 1873 5678 ea-

268 5668 308 5743 (b)
328 5670 418 5739 Uttquc
427 5686 508 5741 magu
518 5683 574 5742 port
594 5672 728 5726 bmttmum
744 5686 843 5727 aturrus
857 5712 864 5736 ,
876 5671 912 5726 aa
921 5688 984 5743 quos
997 5686 1027 5727 re

1074 5694 1136 5735 rum
1147 5696 1236 5738 rerum
1247 5680 1418 5755 postulabant
1426 5703 1538 5757 quarum
1547 5701 1624 5746 erant
1633 5694 1734 5748 conscii
1747 5735 1754 5761 ,
1766 5705 1793 5751 et
1803 5706 1870 5765 ques

232 5738 349 5823 locando.
373 5742 432 5812 ipse
453 5742 523 5799 libro
544 5743 578 5797 ad
605 5743 752 5824 llrtrtyras:
775 5743 846 5809 Quot
868 5745 969 5800 otiosos
981 5743 1024 5798 al·
1076 5750 1127 5810 soti
1146 5756 1259 5828 μυθικῇ
1277 5766 1447 5830 „emp-„se
1461 5758 1628 5821 dicebamur,
1642 5762 1682 5821 gp
1696 5764 1746 5822 pfl,

231 5808 340 5867 lectatio
362 5827 500 5870 armorum
521 5811 555 5869 ad
574 5810 691 5885 gladium
711 5813 1025 5873 locatiiierteadleraa
