4084 6334
136 289 168 354 u
850 233 1048 344 onerario.

137 396 416 468 bueoaaomutetuinit.
428 396 539 472 Gaude,
554 397 651 472 ieeur,
672 404 700 461 et
717 397 790 461 bunc
807 397 856 456 tibi
876 399 963 466 ran
1189 392 1274 455 idad.
1310 388 1443 472 assent)
1478 392 1560 458 idid.

137 511 340 558 romannorum
354 495 592 567 thesaurumpnra,
604 495 714 552 acuale.
728 509 740 550 r
758 493 925 559 laurencio
1009 487 1076 554 aas.
1091 502 1135 564 ap.
1146 488 1264 548 Froben.
1279 489 1297 548 l.
1312 491 1488 565 repetitiones
1500 493 1604 566 primae.

137 596 167 653 lio
178 601 235 652 onte
252 581 369 650 iudicem
384 593 505 664 proximo
522 585 653 648 {Romen
673 591 743 666 opud
760 587 807 646 do.
821 588 924 645 'Frobe-
1336 585 1418 645 titt.

136 691 216 746 uniar:
241 701 330 740 ornare
356 684 438 741 datio.
464 683 515 740 An.
531 683 613 742 last.
634 683 722 756 Opere
744 697 805 756 qun
825 683 852 740 ln
874 683 926 740 boe
1013 677 1070 735 uu.
1086 677 1500 739 uusttuttuStsttuntteen.
1513 677 1643 756 OperaQ.
1657 679 1780 756 Septimii

105 830 110 835 .
136 779 258 838 uolumine
272 776 593 850 continentur,‘quorum
618 775 767 851 catalogum
781 777 876 850 pagiua
891 779 924 834 ti·
978 761 1113 831 Tlorentis
1135 773 1294 832 Tertulliani
1317 773 1565 850 Cartltagiuiensis,
1588 775 1660 836 inter
1684 778 1780 836 latinos

136 873 176 930 tuli
187 870 297 928 aduersa
311 870 427 942 prebet,
441 869 499 928 huc
510 879 594 928 sunt:
611 869 642 927 de
656 869 787 928 Patientia
802 870 863 926 tiber
872 885 883 937 ,·
896 871 928 926 de
978 867 1107 925 Ecclesiae
1133 869 1280 942 scriptores
1305 868 1384 942 primi
1398 913 1406 940 ,
1438 871 1498 949 sine
1523 885 1638 944 quorum
1664 871 1781 931 lectione

134 966 207 1026 cene
226 963 345 1032 Cirrieti3
364 963 397 1020 de
409 961 604 1022 danmatione
624 964 726 1036 rumim
749 965 781 1021 de
803 962 927 1020 Proceri·
979 961 1081 1018 uullum
1096 962 1168 1019 diem
1180 963 1376 1022 intermittebat
1391 963 1456 1022 olim
1468 965 1547 1022 dirus
1559 966 1716 1040 cyprianus,
1732 981 1781 1040 per

136 1061 209 1134 ptione
219 1059 650 1128 teruteernm3dtuerrerennee
665 1064 772 1118 beeretes
782 1077 792 1128 ,·
803 1059 928 1118 Aduersus
979 1055 1091 1114 Beatum
1100 1055 1259 1115 lllreuauum
1275 1057 1511 1118 Seletstadieusem
1525 1075 1541 1117 e
1556 1060 1672 1119 tenebris
1694 1068 1780 1130 eruta,

136 1153 246 1222 deducu
269 1150 398 1209 Adoneae
418 1151 578 1210 Marcionem
591 1153 649 1210 libri
661 1151 697 1222 Ἦ
716 1153 846 1209 Aduersus
859 1151 928 1210 ller-
979 1155 1061 1222 atque
1078 1149 1162 1208 asltu
1175 1165 1226 1222 pro
1240 1149 1311 1208 uirili
1324 1151 1469 1220 uindicata,
1486 1151 1599 1225 adjectis
1613 1152 1782 1226 singulorum

136 1251 265 1322 oregemun
277 1246 406 1304 Aduersus
424 1243 629 1314 Valentinianos:
643 1247 772 1304 Aduersus
786 1244 928 1313 Peraeam:
980 1241 1113 1300 librorum
1132 1244 1310 1315 argumentis,
1326 1252 1354 1302 et
1368 1244 1462 1302 nullibi
1484 1259 1538 1302 uun
1559 1245 1736 1318 conjecturis,
1750 1256 1783 1306 ad

138 1340 269 1398 beurene
288 1339 398 1406 enititur
420 1339 461 1394 Ad
478 1337 628 1412 Martem,-
653 1341 684 1398 de
704 1339 856 1396 Poerritentia
867 1357 878 1408 ‚·
898 1342 929 1397 de
980 1351 1067 1410 nuper
1093 1337 1237 1396 collatione
1259 1339 1414 1398 Goreicnsis
1438 1339 1600 1412 exemplaris
1621 1354 1656 1398 cx
1679 1337 1783 1397 Medio-

142 1432 276 1508 l'irpiniine
288 1433 425 1500 uelnrmir;
439 1433 471 1490 de
489 1433 588 1489 liutite
599 1434 717 1491 ntuliebri
725 1453 734 1501 ,·
748 1433 780 1491 de
793 1434 868 1491 Cultu
884 1437 929 1506 poe·
980 1432 1137 1490 matricibus
1147 1435 1247 1504 oblata,
1258 1449 1311 1492 noo
1322 1435 1409 1492 solum
1421 1433 1691 1510 longeemeudatlora
1701 1433 1782 1505 lacta

140 1529 249 1584 ninantur
262 1547 274 1596 ,·
288 1528 323 1584 ed
338 1525 450 1584 Uxorem
459 1543 532 1584 sunm
545 1527 604 1584 tiiri
615 1526 655 1594 ll;
673 1529 704 1584 de
720 1525 795 1602 Turpe
810 1528 836 1584 in
848 1545 931 1600 perse
981 1525 1171 1584 verumetiam
1187 1541 1237 1600 pro
1250 1543 1280 1585 re
1291 1536 1354 1584 nate
1368 1526 1444 1586 noris
1464 1543 1497 1586 ac
1508 1528 1619 1588 retentis
1631 1528 1784 1586 annuntio·

141 1621 243 1690 satiarer
257 1621 294 1676 ud
310 1621 472 1696 Servatam:
490 1622 521 1677 de
535 1619 877 1690 Eelrortntioneeurtitetis,·
898 1622 930 1678 de
981 1618 1061 1676 uibus
1095 1623 1215 1694 exposita
1250 1622 1446 1697 illustrataque.
1479 1623 1600 1695 Quorum
1634 1624 1785 1698 catalogum

143 1714 314 1789 druogonem
328 1715 361 1772 de
375 1713 461 1770 Pellio
472 1731 482 1781 ,·
495 1713 676 1787 dpoiogetiene
690 1716 811 1772 adoneae
832 1727 928 1788 genter.
981 1713 1104 1786 proxima
1121 1717 1218 1788 pagina
1237 1715 1371 1788 reperies.
1390 1717 1496 1786 Floruit
1517 1716 1568 1776 sub
1585 1715 1664 1778 Cass.
1684 1717 1786 1776 Seuero

171 1809 276 1880 Ceperat
290 1805 389 1864 edendi
404 1805 597 1865 Tertullianum
609 1809 751 1866 consilium
765 1809 929 1881 llbenauus,
945 1813 970 1875 Β
985 1807 1148 1876 Pertinace,
1181 1819 1209 1867 ct
1232 1811 1370 1869 Antonino
1396 1809 1552 1883 Caracalla,
1572 1808 1655 1870 ualde
1682 1812 1787 1871 uicinus

145 1905 270 1962 umlortc
285 1905 312 1960 iu
326 1903 447 1961 codicem
463 1911 600 1962 uetustum
615 1902 763 1961 Paternieri
779 1903 929 1980 (Preterlin-
982 1894 1165 1972 apostolorum
1195 1902 1380 1976 temporibus,
1409 1905 1480 1962 ellel
1503 1919 1603 1962 lilinum
1636 1905 1786 1964 &Cllllsw

149 1998 205 2072 peril
225 1997 338 2057 roenobii
364 1995 541 2071 Transjurani
562 1997 717 2068 incidisdct,
738 2013 801 2056 mox
824 1999 931 2072 adiutus
958 2007 1063 2072 ‚passo
1090 1996 1152 2056 llid.
1178 1995 1303 2055 Blatere:
1325 1995 1407 2057 1539.
1429 2013 1516 2059 seusu
1536 2011 1649 2060 sanato.
1672 1999 1712 2059 lle
1735 1999 1787 2057 bac

154 2093 315 2150 ctnnoodice
329 2090 511 2165 llireaugiemi
533 2090 698 2165 (ldireettou).
720 2091 870 2166 Utrumque
891 2103 930 2151 tu-
982 2091 1101 2149 sccunda
1115 2092 1391 2168 editionegaudinnns,
1402 2109 1462 2170 quiae
1472 2095 1530 2168 ipse
1543 2095 1691 2154 Rhenanus
1701 2094 1787 2152 literis

159 2200 207 2242 meo
225 2194 271 2242 tant
287 2195 444 2258 corruptum
463 2196 490 2244 et
504 2185 609 2244 mendis
623 2186 749 2260 plenum,
770 2187 927 2244 simulscri·
983 2183 1122 2256 preliis,
1150 2185 1219 2243 datis
1247 2185 1401 2246 Seletstadii
1427 2189 1478 2248 sub
1506 2191 1559 2247 eal.
1588 2197 1668 2246 mart.
1697 2188 1786 2258 1559,

154 2292 237 2352 pturan
248 2282 390 2354 utrobique
405 2290 458 2338 tant
473 2281 588 2338 similem
603 2281 799 2354 deprebendtt,
819 2290 849 2338 ut
864 2281 933 2340 aiter
983 2279 1078 2336 scribit
1094 2297 1102 2336 ε
1118 2298 1128 2335 ι
1147 2279 1247 2339 lterum
1262 2281 1358 2340 damus
1373 2283 1584 2354 Tertullianum,
1600 2283 1649 2342 sed
1662 2270 1788 2342 entcuda·

150 2375 261 2432 ubaltem
281 2375 434 2447 descriptus
454 2375 602 2446 uideretur,
621 2373 655 2432 'et
676 2376 705 2433 ui
724 2377 810 2434 semel
823 2373 932 2434 uixdum
985 2373 1091 2442 liorem,
1107 2391 1187 2448 quum
1207 2375 1331 2437 antebac.
1346 2375 1479 2452 Cujusrei
1498 2395 1603 2449 caussa,
1620 2381 1690 2454 quod
1706 2378 1789 2438 coila·
1900 2383 1908 2402 ·

146 2465 246 2540 inscipti
270 2467 348 2538 libri,
361 2467 425 2525 dum
447 2465 575 2525 Frobeuil
592 2466 674 2540 praela
695 2476 839 2537 uacarent,
862 2468 934 2541 typis
985 2466 1086 2527 tionem
1101 2469 1160 2544 ojus
1182 2473 1294 2543 codicis,
1310 2473 1356 2547 qui
1370 2473 1475 2532 Gorzioc
1493 2476 1520 2532 in
1542 2473 1790 2534 llediomotrieibus

143 2563 223 2620 urendi
237 2564 321 2637 coepti
333 2571 443 2632 eoseum
457 2563 568 2622 omuino
583 2563 616 2622 ab
629 2577 712 2636 opere
731 2563 889 2622 destitutum
903 2577 934 2621 so
985 2573 1139 2621 asservatur
1159 2564 1296 2640 diligentia
1321 2581 1354 2625 ac
1384 2567 1546 2626 dexteritate
1565 2566 1678 2626 liuberti
1700 2567 1790 2626 Custi-

141 2653 213 2714 luisse
232 2657 360 2713 affirmat.
376 2653 490 2714 Secutus
511 2671 576 2729 ergo
598 2655 627 2712 iu
651 2654 818 2728 prodigente
841 2655 934 2714 labore
986 2655 1788 2736 nei—adjuranteliomiuicoFlorentiuosodaliperaetana,

141 2749 184 2806 lroc
195 2761 245 2820 eat,
254 2760 285 2808 ut
294 2750 411 2822 aquatario
422 2752 478 2808 loca
489 2751 612 2810 mendoso
622 2750 835 2822 deprehenderet,
849 2761 873 2807 et
883 2767 934 2807 non
986 2765 1050 2809 cura
1063 2751 1248 2825 iurisconsulti
1263 2755 1294 2810 ti.
1310 2754 1413 2814 Claudii
1427 2753 1612 2814 Cautiunculre
1625 2753 1790 2814 Ferdinandi

139 2843 288 2902 minenirent
309 2845 478 2920 eoeurplerio,
492 2845 575 2902 soient
588 2845 706 2919 religiose
729 2861 781 2903 erre
801 2843 936 2901 tractando
986 2841 1136 2902 sennua
1161 2845 1285 2917 consilio,
1307 2849 1416 2906 taudem
1439 2849 1510 2906 nacti
1528 2864 1632 2908 sturnus.
1647 2847 1702 2908 Nec
1726 2864 1791 2908 uero

140 2947 261 2994 curtorum
275 2939 560 3010 semptenonreeurae
580 2955 741 3009 retroeunt,
763 2939 828 2996 nibil
852 2949 935 2995 arente*
989 2948 1092 2997 tautum
1120 2941 1221 3013 proliuit
1249 2943 1316 3013 illa,
1337 2959 1501 3017 quamquam
1528 2945 1643 3004 muitum
1669 2944 1789 3018 proluit,

139 3043 187 3106 ret,
199 3037 244 3094 sed
264 3037 442 3110 conjectures,
462 3053 519 3110 pure
531 3047 585 3094 turn
597 3024 745 3094 innuentem
764 3037 830 3106 sorte
850 3037 936 3094 uenie-
988 3043 1117 3106 quantum
1125 3035 1567 3096 momentiattulitadexactiorem
1576 3039 1791 3111 castigationem,

139 3128 209 3201 ient,
222 3134 250 3188 in
263 3135 423 3206 marginibus
440 3132 580 3206 adjiceret,
596 3149 704 3203 quoram
719 3129 870 3199 nonrrutlm,
895 3131 937 3187 in·
989 3127 1061 3199 quod
1076 3127 1303 3201 deprehendimus
1322 3129 1438 3188 subinde
1449 3132 1609 3204 graecissarc
1629 3131 1792 3205 Septimium

138 3223 207 3295 quit,
222 3241 269 3283 nee
284 3227 347 3284 ndei
359 3225 601 3297 irruitmnerrident,
622 3241 708 3282 oerum
720 3224 852 3296 comedam
862 3215 975 3285 lecteC
992 3220 1084 3294 ssgrtris
1099 3230 1127 3280 et
1141 3223 1388 3282 constructionibus
1407 3224 1502 3298 graecis
1528 3233 1661 3283 utentem.
1673 3227 1794 3298 apparet

139 3340 187 3380 rena
197 3326 376 3384 dubitaturum
386 3327 518 3398 adjutare.
528 3325 632 3395 Quodsi
643 3340 695 3380 non
706 3323 797 3396 ubique
808 3322 937 3391 suecessit,
993 3331 1059 3373 suttc
1072 3326 1194 3374 nostrum
1202 3327 1340 3375 auctorem
1353 3320 1380 3375 in
1390 3319 1793 3380 lectioneGraccorumucterum

139 3417 788 3490 nonestideireodnmnundueconutne.rPergit:
808 3433 817 3469 r
834 3411 939 3472 Utiruonr
990 3410 1036 3482 qul
1050 3409 1157 3483 plurimi
1168 3411 1196 3468 id
1211 3413 1436 3486 temporisetsoli
1447 3415 1516 3472 inter
1530 3429 1622 3474 sacros
1634 3415 1794 3487 interpretes
1853 3409 1858 3416 '
1904 3436 1910 3452 ¹

140 3513 285 3588 milicapiu
298 3515 390 3589 [aieret
413 3511 645 3587 edenrpiariequod
659 3513 686 3568 in
701 3509 833 3568 doratensi
854 3525 939 3567 coeno·
992 3500 1161 3560 habebantur
1183 3502 1292 3563 assidue
1313 3515 1462 3576 rersatum,
1481 3514 1511 3564 ¹¹²
1528 3507 1677 3566 imblblllm
1697 3518 1725 3566 el
1744 3506 1796 3564 tm-

139 3606 177 3663 dic
199 3618 327 3675 seruetur,
352 3607 381 3664 id
393 3607 463 3667 odeat
480 3606 516 3663 od
537 3607 640 3663 tertiatur
662 3604 814 3661 ntiilioriem
837 3603 941 3661 odarde
992 3607 1114 3666 pressam
1139 3595 1278 3654 memoria
1308 3595 1464 3656 Graecorum
1486 3599 1620 3658 dialecton
1648 3598 1728 3658 etiam
1757 3601 1797 3658 la·

141 3700 375 3772 llediemutrienm,
392 3709 416 3758 et
429 3703 489 3758 bene
502 3703 559 3775 ejus
568 3699 636 3773 quod
647 3696 718 3772 opud
731 3695 845 3754 liuidum
859 3706 941 3754 meane
992 3686 1048 3746 tine
1060 3689 1180 3748 scribens
1194 3689 1387 3750 interobliuisci
1415 3693 1551 3768 nequiret.
1565 3693 1622 3754 Nos
1637 3695 1794 3769 hujusmodi

140 3798 177 3853 rei
203 3799 260 3872 elue
281 3797 350 3869 quod
373 3795 531 3856 eerelleune
552 3798 649 3870 snum
669 3791 726 3851 Sed
749 3793 838 3877 epotiie
859 3791 942 3863 inique
993 3790 1085 3856 tropos
1098 3783 1287 3853 tudrcaurmus
1309 3794 1337 3843 et
1357 3787 1465 3860 quidem
1480 3804 1553 3863 sape
1572 3790 1698 3861 crassius,
1714 3788 1796 3848 modo

142 3892 261 3964 temporat
274 3892 381 3962 eminet
395 3891 586 3965 nonpotuemue
602 3901 768 3944 cannenses
782 3885 942 3956 Qunnuquont
993 3875 1131 3950 opertaen
1159 3891 1224 3936 nam
1250 3878 1385 3937 soluimus
1409 3880 1537 3954 adjurare
1563 3881 1708 3940 studiosos.
1736 3882 1798 3941 lant

142 3995 227 4038 uereor
240 3983 306 4040 nibil
318 3985 412 4040 nostrie
434 3997 488 4040 erre
507 3980 697 4047 emendatiore,
720 3975 823 4051 mendo
843 3975 942 4033 codices
993 3969 1068 4029 dedit
1087 3971 1295 4030 retexendarum
1311 3973 1514 4034 annotationum
1528 3991 1623 4034 ausam
1644 3976 1797 4034 collationis

144 4078 233 4146 quidue
246 4079 286 4134 teri
299 4093 398 4147 suanus,
412 4075 595 4150 llirmagemir
613 4084 637 4130 et
663 4069 878 4146 Pemniueemir,
890 4077 942 4127 tour
994 4065 1072 4124 istius
1081 4069 1276 4140 opportunitas,
1291 4068 1338 4126 ubi
1351 4069 1432 4128 lectio
1441 4071 1601 4143 posteriora
1616 4068 1710 4145 priore
1724 4085 1795 4129 uou-

144 4183 286 4230 eonetoarer
304 4189 350 4244 per
360 4173 447 4230 omniu
469 4171 676 4240 consentiebant,
689 4183 721 4224 err
739 4165 844 4224 diuerrir
870 4163 942 4221 allati
994 4175 1141 4234 numquam
1161 4161 1275 4221 erariat.
1298 4161 1356 4220 lloc
1378 4163 1504 4236 quoniam
1528 4172 1586 4222 erat
1613 4163 1795 4234 iudicandum,

147 4263 300 4323 iidiiotlreeir
312 4307 320 4336 ,
334 4277 358 4323 et
370 4281 421 4322 non
435 4279 487 4322 unc
505 4274 619 4338 tempore
639 4261 770 4334 descripti·
791 4257 847 4321 Sed
865 4258 944 4331 leuius
994 4255 1076 4311 aliam
1091 4256 1582 4326 etiamexpositionem'mutatauerba
1595 4255 1796 4317 desiderabant.

147 4357 292 4432 consererdi
305 4361 417 4417 leimem
429 4359 486 4418 oilie
499 4359 708 4415 comminentur
994 4345 1054 4406 Non
1068 4346 1144 4405 licuit
1166 4348 1262 4407 adesse
1275 4347 1380 4406 Basilea
1401 4347 1464 4407 dum
1486 4348 1574 4408 editur
1598 4365 1675 4426 opus.
1697 4349 1799 4410 Verum

184 4450 284 4512 Praeter
295 4459 450 4529 argumente
463 4493 471 4524 ,
483 4450 595 4524 siugulis
604 4450 678 4507 libris
689 4461 741 4505 uua
755 4459 816 4504 ctrur
830 4454 944 4504 annota-
994 4441 1182 4516 sigismundus
1194 4439 1331 4513 Gelenius,
1345 4443 1427 4501 bomo
1442 4445 1531 4518 magui
1553 4443 1582 4502 iu
1598 4444 1799 4518 literisjudieii,
1824 4473 1828 4479 ·

151 4545 273 4605 tinneulis
294 4547 451 4622 praemissu,
472 4545 587 4618 precilxit
606 4543 751 4601 llbeuauus
769 4541 850 4598 vitam
875 4540 943 4598 Ter·
995 4543 1024 4592 et
1051 4533 1203 4593 eruditione
1225 4551 1331 4593 summa
1360 4537 1507 4610 praeditus,
1530 4539 1557 4594 iu
1580 4537 1801 4612 recognoscendo

151 4640 264 4710 tulliani,
286 4642 404 4714 itemque
422 4637 642 4711 disputationem,
668 4635 946 4692 subnomiucudmo·
958 4629 1083 4708 liopere
1105 4631 1235 4689 sicariam
1260 4645 1370 4704 operam
1396 4632 1424 4689 in
1448 4633 1555 4691 otttctna
1582 4633 1728 4706 praestitit,
1755 4632 1801 4706 qui

152 4727 947 4804 triticamaddemmemdeqniimdomTertullianidogmotirr
999 4725 1094 4782 merita
1114 4723 1192 4783 laude
1210 4739 1264 4784 nou
1284 4733 1327 4784 cst
1346 4724 1520 4786 fraudandus.
1545 4745 1613 4782 r-
1577 4725 1705 4784 -ttane
1724 4741 1802 4782 notas

154 4825 343 4898 subjurguutur
363 4839 427 4884 nero
445 4823 612 4896 definitiones
634 4820 861 4877 eceleriartieornm
881 4819 947 4892 dog·
980 4817 1126 4876 'editionis
1143 4793 1327 4889 praelationem
1354 4819 1491 4893 excipiunt
1510 4818 1649 4878 Propertio
1668 4828 1714 4877 aut
1735 4817 1802 4878 Pro·

156 4927 249 4972 murm
252 4915 528 4990 postbacGennadro
537 4913 689 4986 adscriptae
701 4921 730 4970 et
740 4911 821 4969 iudex
833 4912 949 4984 deniqne
999 4909 1086 4970 uerbii
1100 4910 1219 4984 speciem
1238 4909 1396 4980 referentia,
1412 4914 1508 4986 quibus
1528 4913 1629 5003 passim
1649 4911 1675 4969 in
1692 4911 1802 4986 scriptis

157 5009 296 5068 dictionum
309 5011 556 5082 sententiarumque
570 5023 602 5066 ac
621 5006 789 5080 dogmatum.
811 5003 950 5077 inscripsit
1001 5009 1058 5066 suis
1076 5008 1161 5065 utitur
1175 5007 1252 5080 Sept.
1266 5005 1447 5067 Tertullianus
1462 5009 1567 5081 arulgo
1579 5008 1722 5066 maximam
1738 5025 1802 5082 par-

158 5116 226 5174 opus
233 5106 341 5178 principi
350 5103 484 5165 stanislao
497 5083 595 5172 Turno,
606 5101 740 5176 Episcopo
754 5097 948 5158 Olomutzcttsl·
1003 5110 1056 5161 tem
1071 5101 1216 5176 descripta,
1230 5111 1286 5159 tum
1296 5103 1410 5176 repetita
1422 5119 1455 5162 er
1465 5104 1548 5177 priori
1558 5104 1676 5162 editione
1687 5104 1802 5178 epistola

160 5197 204 5252 ii
212 5200 317 5257 atilae
327 5198 519 5274 strematico
529 5197 587 5256 nee
600 5197 682 5256 editio
695 5201 737 5253 en
748 5195 813 5252 satis
827 5193 948 5267 resignas,
1002 5198 1242 5271 nonenoeane
1264 5200 1318 5255 aare
1333 5197 1500 5256 rerrrunan.
1524 5198 1671 5256 remonon
1691 5199 1725 5258 ue
1743 5202 1804 5275 qrat-

164 5297 217 5344 ¹¹¹¹⁰
238 5293 388 5352 dimam
409 5307 507 5367 ΜΝ)
529 5299 557 5350 0²
581 5290 677 5360 nitido,
712 5297 770 5347 tum
793 5286 887 5361 stillis}
907 5285 951 5343 Tel
1003 5292 1116 5350 busdam
1126 5289 1426 5365 Tertullianidogmatis
1436 5291 1472 5350 ad
1484 5292 1586 5350 calcem
1600 5294 1724 5365 recessit,
1736 5295 1806 5352 detl-

164 5383 361 5453 emblenaticis,
383 5387 427 5444 uel
452 5383 640 5460 mptbologicis
665 5393 694 5442 et
721 5380 857 5440 historicis
880 5380 952 5452 liguo
1003 5385 1122 5444 nationes
1149 5382 1248 5444 eccles.
1274 5384 1430 5457 dogmatum
1461 5387 1570 5458 penitus
1596 5386 1704 5446 omissae
1728 5396 1802 5446 sunt.

167 5475 303 5548 imperis,
322 5497 383 5555 quae
400 5481 496 5554 partim
510 5479 644 5553 margines
659 5479 738 5548 tituli,
762 5477 879 5549 itemque
895 5473 952 5548 pri·
1004 5482 1089 5542 ludex
1107 5497 1192 5543 nouus
1203 5491 1349 5554 etprorsus
1361 5481 1428 5538 alius
1443 5490 1495 5541 est.
1511 5483 1553 5540 lld
1567 5485 1702 5559 margines
1715 5493 1804 5544 texam

169 5570 417 5645 manutentionis,
440 5583 468 5630 ct
489 5573 587 5630 deiude
609 5573 694 5645 ipsius
715 5579 806 5628 tentus
827 5569 953 5642 pagiuam
1005 5577 1077 5637 dicta
1104 5587 1132 5636 et
1163 5575 1304 5635 sententiae
1334 5565 1496 5650 insigniores
1526 5577 1669 5652 diligenter
1694 5585 1805 5640 neate.

173 5662 273 5730 briaen
286 5669 404 5742 cingrrut,
426 5667 522 5743 partim
545 5667 629 5728 literis
650 5664 795 5724 initialibus
810 5661 955 5737 majoribus

176 5767 338 5823 amaneum,
1042 5735 1214 5814 (illucet.
1236 5734 1306 5794 Bibl.
1333 5735 1402 5792 iltis
1427 5735 1517 5805 britt,
1535 5746 1555 5796 t
1579 5737 1612 5812 ll,
1636 5689 1805 5802 laudantura

1008 5811 1146 5950 aaran
1132 5780 1614 5962 „upton-annumrt
1742 5815 1805 5878 e
