4084 6334
125 316 179 380 757
700 302 926 369 blasentatto
941 305 975 367 b.
994 302 1041 366 LE
1058 303 1212 367 NOURler
1728 308 1783 369 758

127 435 166 491 ris
180 438 208 491 et
218 428 333 489 insolitae
343 427 459 502 aliemm
469 425 578 500 eclipsis
593 423 740 497 indicium,
753 426 881 498 nullaque
890 426 929 483 si·
942 427 970 489 A
982 440 1038 483 non
1052 426 1156 483 minimi
1170 423 1291 497 prolecto
1307 437 1368 483 esse
1379 423 1516 497 ponderis,
1530 424 1557 483 si
1575 423 1675 485 ethnici
1689 427 1784 497 proni·

127 524 275 599 quincono.
981 532 1054 575 marn
1065 518 1258 589 lmpcratornm
1278 526 1392 575 mortem
1407 527 1542 588 optantes,
1556 532 1649 591 magos
1661 516 1782 591 aliosque

164 619 218 677 alii
242 616 504 691 itaqnecristimant
531 616 602 674 bunc
621 616 748 673 libruma
763 612 932 672 Tertulliano
981 611 1120 671 diuinandi
1136 622 1194 669 arte
1208 612 1308 683 peritos
1328 611 1362 667 de
1389 612 1474 669 solius
1497 611 1590 671 Seueri
1610 612 1783 683 lmpcratoria

136 712 324 771 elucubratum
337 710 434 781 tuisse,
454 726 516 769 com
530 711 647 769 Seuerus
659 709 719 767 orbi
733 708 856 767 Romano
878 707 931 764 im·
981 702 1070 761 salute
1083 703 1172 763 semel
1183 712 1283 759 tantum
1293 704 1500 761 consuluissent.
1512 708 1546 760 At
1556 713 1629 763 certe
1641 704 1784 763 Tertullia-

129 806 251 880 perabat.
266 804 325 863 Non
337 805 410 861 enim
424 804 512 871 illum,
528 802 579 861 nisi
592 802 682 859 adhuc
693 810 862 875 regnantem,
882 814 933 857 nee
982 810 1034 854 ons
1048 796 1387 853 ltancceeonsoltationem
1404 797 1502 868 saepius
1518 795 1682 869 propositam
1696 806 1724 853 et
1738 811 1783 855 re»

128 898 156 955 in
165 896 329 977 cbristianos
338 895 427 953 adbuc
434 895 522 968 palam
536 891 931 962 saevientenr,coastantissimi,
983 892 1095 966 petitam
1107 890 1190 949 luisse
1208 892 1279 949 band
1304 893 1418 949 obscure
1439 891 1580 965 significat.
1604 892 1738 949 Praeterea
1756 891 1780 948 si

128 992 167 1049 oti
175 992 254 1063 paulo
267 1000 330 1047 ante
343 985 653 1061 diximus,lnrperatoris
660 985 749 1059 elogio
758 992 930 1043 exornasset.
983 983 1121 1042 baecillius
1133 983 1167 1041 de
1177 981 1271 1041 iisdem
1286 982 1423 1041 seditiosis
1432 982 1591 1039 lectionibus
1606 984 1688 1043 verba
1705 1004 1712 1041 ι
1727 976 1780 1056 Sed

131 1083 235 1142 liciode
245 1098 310 1141 rcro
319 1082 408 1139 abide
419 1081 612 1153 perduellibus,
622 1078 852 1149 laesaemajestatis
860 1075 933 1146 reis,
983 1085 1008 1132 et
1034 1092 1112 1133 nnnc.
1127 1115 1157 1131 ..
1176 1074 1309 1148 ‚qnotidie
1335 1075 1500 1141 reuelantur,
1526 1075 1663 1131 attentimi
1691 1074 1782 1131 animo

129 1192 163 1234 ae
177 1176 294 1250 publicis
313 1176 537 1247 bostibuspoatca
553 1175 663 1232 disserit
680 1191 687 1229 :
705 1172 798 1241 Unde,
823 1171 933 1245 inquit,
984 1167 1182 1241 expendamus,
1195 1182 1284 1225 natine
1296 1166 1358 1223 inde
1368 1166 1458 1237 colligi
1471 1176 1544 1222 recte
1559 1175 1656 1236 potest,
1672 1166 1706 1223 de
1733 1165 1785 1222 illis

129 1269 234 1339 atrii,
256 1278 282 1325 et
305 1266 404 1341 Nipri,
425 1276 450 1324 et
482 1266 588 1337 Albini,
622 1265 691 1323 lbtd.
721 1279 782 1337 cap.
807 1264 852 1321 55.
887 1263 935 1335 qni
984 1277 1137 1319 sermotiem
1163 1262 1199 1319 ab
1224 1260 1514 1332 nomenniomen
1537 1260 1656 1316 nondum
1679 1260 1786 1333 penitus

129 1362 301 1421 uidelicetdc
315 1376 422 1417 sumnia
437 1360 541 1431 imperii
566 1366 700 1432 potestate
723 1372 786 1414 eum
809 1356 935 1428 legitimis
985 1354 1135 1423 exstinctis,
1147 1353 1196 1411 sed
1207 1353 1240 1409 ad
1256 1367 1390 1409 sommum
1405 1354 1510 1423 sopitis,
1520 1360 1654 1425 caputque
1672 1352 1786 1421 amplios
1802 1358 1806 1361 “

128 1453 340 1529 Imperatoribus
351 1454 567 1511 decertaverant.
577 1455 621 1522 gtlt
633 1451 820 1524 postoeeisnm
832 1464 928 1507 mense
984 1446 1176 1505 attollerenon
1191 1445 1369 1503 audentibus?
1391 1444 1515 1502 Ntrrtdnm
1529 1442 1785 1516 erqoSererusba-
1864 1448 1873 1463 ·

129 1528 275 1608 batoannt
288 1548 343 1607 aas
362 1549 529 1605 Pertinacem
543 1546 749 1619 imperatorem,
762 1544 794 1602 G.
808 1544 935 1602 Pescen·
984 1540 1077 1598 baisse
1092 1540 1233 1597 ridebatur
1251 1549 1359 1610 apertas
1379 1554 1440 1597 cnm
1460 1524 1601 1595 Plautiano
1622 1536 1784 1594 simultates.

130 1645 191 1705 nius
202 1643 284 1717 Niger
314 1659 460 1716 purpuram
480 1650 509 1698 et
522 1642 664 1713 imperinm
688 1640 717 1696 in
733 1640 873 1696 Pannonia
887 1653 934 1695 as·
987 1634 1071 1706 Atqui
1085 1634 1241 1691 Plautianus
1267 1632 1349 1689 liliam
1370 1646 1445 1689 suam
1468 1630 1619 1687 Plautillam
1641 1628 1786 1687 bancalia

131 1738 258 1810 sumpsit,
272 1738 389 1819 ejusque
401 1738 428 1792 in
441 1746 531 1806 portes
550 1734 656 1791 transiit
671 1733 781 1791 Cassius
797 1731 935 1789 Clemens.
986 1726 1107 1799 eiusdem
1124 1726 1218 1785 Seueri
1232 1726 1288 1783 salio
1311 1727 1338 1782 in
1353 1724 1553 1783 matrimonium
1575 1739 1647 1781 anno
1667 1722 1788 1781 Toleni·

132 1828 214 1903 niger
225 1845 291 1887 aero
303 1829 390 1885 uictos
402 1844 419 1885 a
431 1828 545 1895 Sereno,
557 1842 589 1884 ac
597 1825 745 1899 prodigente
753 1823 934 1895 tertiopraelio
947 1824 972 1887 tt
986 1821 1093 1879 locarit.
1102 1823 1181 1878 Anno
1189 1831 1278 1878 autem
1286 1819 1457 1892 subscribenti
1473 1818 1527 1888 ille,
1541 1825 1609 1875 teste
1620 1816 1783 1887 Herodiano,

132 1924 206 1981 illius
216 1923 313 1994 copiis,
327 1916 387 1993 loqu
396 1920 479 1978 saluti
490 1936 546 1977 suae
553 1918 696 1976 consulere
703 1916 803 1987 frustra
819 1924 933 1974 conatus
984 1914 1154 1973 manifestam
1169 1913 1326 1981 cnramtla,
1341 1912 1433 1985 genteri
1456 1913 1508 1977 sui,
1525 1911 1573 1983 qui,
1595 1920 1651 1969 tom
1674 1924 1785 1967 oaorem

134 2014 238 2071 estAb
252 2014 374 2081 iisenim,
385 2014 430 2085 qui
444 2014 589 2085 lugientem
597 2012 816 2083 insequebantur,
827 2008 934 2065 occisus
983 2022 1060 2065 suain
1070 2008 1174 2077 oderat,
1188 2008 1327 2084 audaciam
1353 2006 1526 2079 lunaremque
1546 2006 1657 2072 verinis,
1684 2006 1710 2062 in
1724 2005 1785 2078 ejus

131 2105 417 2165 iuitsublineroanni
433 2105 502 2175 tet,
516 2106 560 2162 rel
587 2103 770 2161 lbiinitium.
793 2102 859 2159 Post
874 2099 933 2157 baec
984 2101 1126 2173 imperium
1161 2103 1266 2160 insidiis
1292 2100 1419 2160 inuadere
1450 2102 1559 2158 niolitus
1585 2114 1626 2158 est
1645 2100 1786 2174 (dlerodia-

134 2198 255 2257 Soterus
268 2199 376 2266 Albino,
387 2214 467 2271 quem
494 2198 566 2255 labsis
581 2197 729 2262 blanditiis,
756 2212 791 2253 ne
815 2194 933 2252 besdum
984 2193 1029 2251 bb.
1040 2192 1076 2249 111
1088 2196 1115 2251 ia
1130 2192 1285 2251 VitnSeaer.
1297 2211 1358 2267 paq.
1371 2193 1425 2251 Tld
1434 2202 1456 2249 et
1469 2192 1611 2266 neqnsed
1625 2194 1666 2250 bis
1679 2194 1786 2252 retectis

137 2306 248 2349 snorum
261 2307 391 2349 numerus
412 2299 574 2363 augeretur,
589 2288 743 2361 deceperat,
766 2288 868 2347 bellum
891 2289 934 2343 in·
984 2287 1122 2345 Caracalla
1148 2288 1244 2357 illum,
1268 2297 1400 2360 praesente
1414 2288 1516 2345 Seuero
1531 2298 1607 2359 patre
1628 2288 1787 2359 suo‚jossit

132 2387 204 2443 tulit.
224 2386 378 2445 minorisae
401 2386 510 2443 tondent
538 2399 622 2456 prope
643 2383 804 2456 Lugdunum
827 2382 934 2454 praelio,
986 2381 1084 2439 occidi.
1100 2382 1170 2438 dote
1184 2380 1256 2438 bunc
1270 2382 1350 2454 igitur
1362 2396 1463 2439 annum
1476 2380 1636 2438 Tertulliani
1650 2383 1786 2453 apologo·

135 2478 251 2536 Albinus
262 2479 341 2536 initio
365 2479 429 2535 anni
453 2479 504 2535 tat
530 2476 632 2535 Tractus
652 2492 685 2533 ac
704 2475 791 2547 lusus,
817 2484 933 2543 mortem
986 2474 1065 2543 boos,
1080 2474 1192 2531 sednon
1206 2474 1290 2531 multo
1303 2472 1633 2545 priusscriptosuidetor.
1648 2473 1782 2541 Qunorsnm

131 2568 185 2627 tibi
194 2568 361 2628 conscivisse
373 2570 539 2641 perbibetnr.
984 2566 1057 2625 enim
1068 2566 1200 2625 Plautiani
1209 2569 1309 2641 potius,
1324 2552 1404 2639 qoam
1419 2568 1521 2635 Albini,
1545 2578 1574 2625 et
1594 2567 1709 2625 aliorum
1725 2584 1787 2640 pet·-

168 2660 263 2734 Neque
275 2672 364 2719 tannen
378 2673 442 2720 turre
460 2664 571 2719 otnnino
593 2661 698 2718 lltritnm
712 2670 754 2717 est
773 2659 852 2717 ciuile
877 2658 935 2717 bel·
985 2660 1114 2719 duellioni
1126 2662 1418 2734 tronrinipepereisset?
1429 2662 1602 2719 Postannom
1618 2664 1708 2735 itaque
1724 2663 1786 2731 lat,

40 2802 46 2809 ,
133 2754 406 2825 lnm.Soperlucrnnt
419 2755 520 2812 etenim
549 2754 630 2824 bajus
653 2752 779 2811 factionis
804 2752 933 2820 lautores,
986 2757 1371 2829 qnoblbinnsriolentassibi
1387 2772 1482 2817 manus
1502 2757 1602 2825 attulit,
1618 2766 1787 2814 stantean·

133 2847 275 2920 dequibns
299 2849 399 2907 ibidem
424 2849 611 2907 Tertullianus
626 2856 719 2905 noster
733 2865 741 2903 a
757 2846 812 2905 Sed
840 2857 864 2903 et
890 2846 935 2918 qut
986 2864 1050 2904 rrum
1060 2848 1113 2906 aab
1127 2848 1244 2918 antidi,
1256 2864 1310 2923 quo
1325 2848 1481 2907 Plautianus
1494 2856 1609 2907 iteratus
1634 2821 1787 2917 estslntnc

139 2959 208 2998 nane
218 2943 392 3013 orbatorum,
404 2944 452 3012 ait,
467 2944 579 3015 portiana
591 2943 655 2999 aecii
677 2959 708 2997 ac
723 2942 855 3014 plauserat
866 2957 933 3013 qno·
986 2940 1169 2998 Tertullianus
1183 2942 1280 2999 librum
1297 2940 1424 2998 cotrdecit.

135 3035 373 3103 tidiereatlantm,
399 3045 454 3108 port
490 3035 642 3092 deramatam
670 3033 808 3089 racematio
845 3049 937 3105 raper-
1021 3033 1166 3091 Probabile
1174 3041 1262 3091 tamen
1273 3032 1787 3107 quibusdomuidetureumaTertullia-

133 3137 194 3199 rtrt,
215 3130 284 3189 lbio.
299 3146 359 3203 cap.
389 3132 434 3189 58.
448 3136 494 3193 Αι,
506 3132 566 3190 baec
582 3130 683 3187 clarius
696 3128 732 3185 ab
754 3126 828 3185 AElio
850 3126 935 3198 Spar·
986 3142 1023 3185 uo
1036 3127 1185 3199 prolectam
1196 3126 1435 3197 annopostenare
1446 3126 1632 3199 qoobntonini
1644 3124 1787 3184 Caracalla

133 3222 208 3279 dano
221 3222 295 3281 bunc
315 3226 342 3280 in
369 3224 479 3283 modnm
501 3223 671 3296 explicantur
686 3239 694 3277 a
707 3220 787 3277 Halai
799 3237 861 3277 rarae
876 3219 969 3290 panc
984 3220 1141 3279 decennalia
1160 3219 1304 3278 Cesariani
1315 3220 1420 3292 intperii
1431 3206 1566 3279 celebrata
1593 3229 1678 3290 sunt,
1702 3228 1785 3293 atque

91 3375 96 3383 ,
132 3313 263 3383 Albinam,
287 3316 365 3387 Mena
386 3317 410 3373 ei
430 3326 570 3383 manantes,
585 3316 687 3371 bellae
713 3312 808 3370 Seuero
821 3317 935 3384 ruperant
985 3313 1055 3387 ignis
1066 3314 1267 3386 persecutionis,
1281 3312 1634 3389 inchristiatroscancitatae,
1648 3311 1787 3370 ardentina

132 3408 191 3463 adm
212 3406 402 3479 (spartianum
418 3406 477 3463 llito
491 3407 577 3463 Seuer.
593 3422 654 3478 pap.
666 3404 732 3462 525.
743 3405 793 3461 cai.
806 3405 846 3475 l).
860 3403 936 3461 ditur
986 3406 1126 3479 tlaqrabnt.
1140 3405 1208 3463 Nam
1218 3406 1252 3463 do
1263 3406 1296 3463 iis
1305 3406 1487 3464 Tertullianus
1497 3408 1524 3463 in
1543 3405 1595 3463 boe
1611 3404 1786 3477 apologetico
1854 3470 1857 3475 Δ

132 3504 175 3560 ert
188 3502 266 3572 iqitor
286 3492 399 3572 praeitor
409 3500 565 3557 Albinanam
577 3498 744 3569 desertionem
758 3539 767 3565 ,
796 3497 936 3569 interioria
985 3498 1085 3570 saepius
1099 3497 1243 3570 disputarit
1255 3499 1265 3569 (
1277 3516 1336 3573 cap.
1356 3498 1406 3572 ἰ).
1432 3499 1534 3558 Deinde
1546 3512 1611 3556 uero
1622 3498 1712 3570 plures
1726 3496 1787 3568 qui·

134 3595 264 3671 plurimis,
275 3609 366 3668 paneae
380 3609 480 3667 qnoque
498 3592 555 3665 ajat
573 3590 710 3657 castineto,
732 3590 813 3645 lrataa
836 3588 934 3663 populo
986 3590 1048 3649 dem
1058 3590 1093 3649 ab
1115 3590 1175 3649 aliis
1194 3590 1403 3663 lrnperatoribus
1416 3592 1443 3649 in
1459 3592 1619 3650 christianus
1634 3591 1707 3663 leges
1719 3590 1787 3649 latas

134 3689 340 3754 emmena,
367 3686 478 3743 lionam
498 3685 576 3743 uenit.
604 3682 673 3741 Tum
688 3681 788 3741 deinde
802 3690 865 3753 post
875 3696 934 3739 me·
984 3692 1129 3751 memorat,
1143 3682 1192 3741 ted
1205 3684 1332 3740 nnllama
1354 3684 1469 3743 Severo.
1482 3684 1577 3762 Nonne
1589 3699 1654 3757 erqo
1680 3683 1787 3741 Tertul-

134 3792 239 3844 morata
253 3783 328 3840 varia
348 3781 442 3839 Severi
455 3779 552 3837 itinera
574 3778 639 3835 illud
654 3778 773 3850 adiecit:
788 3775 862 3833 luter
881 3775 935 3841 bae
985 3774 1146 3833 liannsante
1156 3778 1321 3849 promulgata
1330 3776 1410 3849 boios
1426 3777 1454 3834 in
1467 3792 1514 3836 eos
1529 3778 1616 3836 edicta
1629 3779 1701 3835 ltnnc
1714 3778 1787 3849 apo·

136 3870 934 3949 Pescennianaareliqnioa,Pluutionaanatorapmaequebator,
985 3868 1130 3941 lupeticnm
1142 3868 1240 3926 librum
1253 3868 1423 3943 diuulgauit?

133 3973 208 4031 itaut
228 3970 366 4045 aammltaa
378 3970 455 4024 etiam
471 3985 504 4025 aa
516 3967 605 4025 anticio
623 3968 686 4036 raia,
711 3967 786 4039 qiuari
810 3968 870 4022 alta
881 3982 936 4023 aaa
1021 3964 1058 4019 llt
1068 3964 1192 4035 quamuis
1205 3961 1251 4019 ille
1269 3964 1319 4021 boc
1342 3964 1368 4021 in
1393 3963 1461 4023 libro
1482 3966 1613 4023 aduersos
1636 3964 1782 4035 etbnicos,

134 4062 434 4134 insidiatoroappetaret
450 4060 932 4137 (liideud.paq.cal.2).tltqoeex
986 4054 1033 4127 qni
1046 4053 1201 4127 Principum
1222 4055 1352 4111 solemnia
1368 4046 1422 4113 noti
1449 4057 1539 4115 m'mns
1566 4057 1676 4127 raeinrio,
1703 4072 1783 4131 qnam

135 4158 179 4215 bis
190 4157 383 4230 posterimibns
404 4156 493 4213 uerbis
516 4154 597 4227 aliqui
628 4154 725 4212 coobci
746 4152 934 4227 posseeaisti-
986 4147 1176 4221 superstitioso
1191 4146 1244 4205 rito
1258 4148 1382 4220 agebant,
1408 4151 1539 4207 acerrime
1555 4151 1716 4221 inuebatur,
1731 4167 1785 4209 non
1877 4218 1879 4225 ,

133 4251 375 4310 mantTertulliani
388 4250 588 4321 apologeticum
602 4249 628 4305 in
639 4250 727 4306 lucem
740 4246 872 4319 prodiisse
880 4262 934 4303 non
986 4238 1021 4297 de
1034 4238 1182 4297 Caracalla
1198 4248 1287 4297 tannen
1302 4242 1402 4313 potius,
1415 4259 1495 4315 quant
1514 4243 1607 4301 Seueri
1621 4244 1787 4319 aliorumque

134 4344 222 4403 sotum
236 4342 504 4415 posteastinctas,de
517 4342 666 4412 quibusille
678 4341 796 4407 disserit,
810 4339 934 4411 perduel-
986 4334 1143 4407 Principum
1158 4334 1375 4393 solemnitatibus
1388 4336 1507 4395 disserit.
1519 4338 1559 4396 nd
1573 4338 1785 4397 cbristianurum

135 4436 200 4493 lium
214 4436 352 4507 reliquias,
373 4436 422 4491 sed
441 4443 503 4505 post
522 4434 655 4491 Plautiani
667 4434 750 4489 ctiam
759 4431 874 4504 cadem,
887 4433 934 4505 qui
985 4437 1076 4485 autem
1090 4430 1304 4501 persecutiones,
1317 4439 1344 4486 et
1360 4430 1434 4500 leges
1447 4430 1474 4488 in
1496 4445 1544 4489 eus
1556 4432 1693 4504 scriptas,
1714 4433 1785 4505 qood

132 4528 246 4602 jubente
258 4526 406 4597 Caracalla,
416 4542 488 4583 anno
499 4524 600 4585 Christi
612 4524 667 4584 aot
680 4536 727 4583 aut
736 4526 792 4583 aba
804 4525 931 4584 interiec-
985 4532 1101 4597 spectat,
1117 4522 1195 4579 laeile
1205 4522 1379 4579 concedimus
1402 4522 1532 4581 &aarum
1551 4525 1656 4597 imperii
1673 4526 1714 4583 sui
1728 4525 1786 4582 ini·

134 4633 179 4681 ans
191 4633 244 4681 aar.
891 4654 895 4661 ·
945 4620 973 4681 1)
986 4618 1024 4673 tio
1034 4616 1067 4673 iis
1075 4632 1171 4673 reuera
1179 4616 1285 4674 lauisse.
1299 4615 1360 4688 lpse
1370 4604 1691 4691 siquidemTeriollianns
1708 4617 1786 4676 testis

171 4718 200 4775 ln
214 4716 396 4791 balneantem
417 4712 553 4787 opinionis
577 4714 809 4773 condennationem
830 4714 928 4772 adduci
985 4718 1030 4767 eat
1045 4708 1158 4782 lmjusee
1172 4708 1282 4779 latoris,
1298 4708 1376 4782 cnjus
1398 4710 1469 4767 banc
1487 4711 1605 4770 reddidit
1629 4712 1784 4782 rationem,

134 4829 243 4887 qnoque
263 4820 388 4886 poterant
405 4810 594 4883 subsequentia
612 4808 734 4880 eiusdem
745 4808 881 4881 Spartiani
899 4808 934 4869 de
983 4803 1046 4877 lpse
1062 4804 1148 4873 atlante,
1161 4802 1255 4875 inquit,
1273 4802 1394 4871 Sarmat,
1406 4814 1477 4875 pater
1490 4803 1623 4873 Antonini,
1633 4804 1788 4861 abortione·

134 4905 188 4963 ltue
212 4906 275 4978 ipso
293 4902 460 4978 Imperatore
483 4903 564 4960 rerba
582 4920 591 4961 a
611 4900 709 4959 ldaltoa
733 4903 834 4970 etiam,
859 4902 934 4975 quae
983 4913 1042 4953 rom
1064 4912 1160 4953 ntenmr
1190 4894 1373 4973 suit-(Tertul.
1403 4898 1447 4953 ab.
1468 4896 1634 4969 tad-Soanoi.
1657 4916 1716 4971 cap.
1743 4898 1786 4971 d).

135 4998 280 5066 Cbatdoeoa,
293 5006 339 5055 out
352 5008 420 5056 outa
434 4996 467 5054 da
476 5013 523 5053 atta
534 4994 618 5053 salute
630 4996 827 5066 rontninitaent,
841 4996 935 5053 intera·
985 4987 1056 5047 Nam
1066 4997 1089 5045 et
1100 4988 1240 5045 Proculum
1248 4990 1425 5059 adulationum,
1435 4991 1479 5062 qni
1501 4988 1645 5063 Torpacion
1657 4992 1787 5064 connomi-

135 5094 193 5161 mit,
214 5095 342 5165 precipere
366 5102 496 5167 suspector
514 5108 717 5165 marmoreaque
737 5075 859 5149 idoneam
881 5093 933 5149 im·
985 5084 1106 5151 nodatur,
1128 5082 1255 5140 Enbadie
1275 5092 1477 5156 procuratorem,
1498 5084 1541 5155 qui
1559 5100 1617 5139 enarr
1638 5086 1787 5155 pereiram

136 5185 476 5258 perimamipaeparaaloa
489 5186 575 5242 aditae
588 5186 658 5257 iiiior
668 5183 780 5253 babeat,
794 5186 870 5257 idque
883 5185 936 5241 dici
987 5177 1129 5253 aliqnando
1143 5186 1286 5245 ouraoerat,
1303 5178 1443 5248 requisivit,
1455 5186 1478 5232 et
1491 5177 1626 5248 innodatio
1644 5195 1690 5237 ruo
1700 5179 1787 5236 ltabnit

136 5277 403 5347 attondentem,
425 5278 465 5335 aad
477 5278 599 5347 aadirat,
620 5277 664 5350 qui
683 5277 731 5335 aidi
744 5278 937 5350 auqurobantar
958 5270 961 5276 ’
988 5273 1109 5345 arqbead
1120 5283 1224 5329 retortam
1248 5273 1315 5343 eiras,
1335 5288 1408 5344 quern
1423 5280 1447 5327 et
1466 5270 1609 5329 Antoninus
1628 5273 1722 5346 optime
1741 5290 1785 5331 aa.

135 5366 382 5440 irrrmnorrrllbid.);
394 5358 938 5428 namTertnllianoseodemcitatoanobir
990 5376 1072 5436 aaut,
1089 5367 1154 5423 lacte
1166 5366 1305 5423 cbriatiaaa
1318 5365 1452 5423 educatur.
1467 5364 1595 5424 bonnm
1605 5382 1712 5439 quoqne
1729 5368 1788 5425 nul-

136 5460 225 5530 capite
248 5458 315 5516 dixit
332 5480 340 5519 ι
356 5459 455 5517 Eadem
479 5462 581 5533 adina,
603 5461 631 5520 in
660 5462 810 5535 principum
831 5463 935 5520 scillcet
987 5460 1080 5519 lamia
1099 5458 1275 5532 apologetico
1301 5458 1359 5513 deri
1378 5456 1445 5529 legis
1462 5457 1497 5515 ab
1515 5457 1611 5519 eodem
1639 5459 1739 5517 &aare
1759 5458 1786 5517 io

136 5552 365 5620 solemnitatibus,
379 5553 536 5624 dependunt,
552 5564 575 5610 et
585 5555 628 5626 qai
645 5554 806 5628 narrataque,
821 5562 845 5609 et
857 5571 934 5611 arua·
985 5555 1148 5613 christianos
1163 5554 1271 5610 sancitae
1281 5552 1458 5610 mentionem.

136 5647 223 5719 maer,
237 5653 262 5700 et
282 5662 403 5719 adparet,
422 5654 447 5703 et
459 5661 547 5719 mapot
556 5647 588 5703 de
606 5644 713 5706 wanno
731 5649 816 5723 capite
829 5650 934 5707 conral-
1021 5649 1122 5706 lerum
1134 5644 1465 5719 nonindeeertuconeludi
1478 5659 1556 5716 porse
1566 5654 1691 5717 putamus
1703 5644 1779 5705 tlbnn

137 5750 201 5803 tant.
217 5739 382 5815 (Tertulliaa.
395 5740 529 5813 dpeleqet.
543 5756 604 5813 cap.
621 5741 657 5799 55
673 5742 695 5815 ).
985 5742 1086 5803 editum
1100 5741 1181 5800 luisse
1202 5748 1344 5811 postquam
1367 5736 1505 5795 Caracalla
1520 5776 1528 5805 ,
1542 5754 1615 5795 antro
1626 5738 1677 5795 att
1703 5737 1778 5795 aolus

138 5902 147 5911 ,
172 5834 390 5911 Narmiquidcm
410 5844 565 5912 nonpoteat
586 5834 656 5898 banc
676 5839 934 5915 menedemos
986 5838 1122 5913 imperare
1135 5833 1272 5908 caepisset,
1283 5840 1364 5907 atque
1373 5831 1473 5893 ethnici
1487 5846 1521 5892 eo
1533 5832 1589 5907 jain
1604 5839 1745 5907 reprime
1759 5831 1788 5891 in
