4084 6334
115 295 168 354 ili
720 295 822 355 albati
840 296 886 356 DE
904 293 1148 355 labbatl'rttla.
1646 294 1649 321 ²
1711 294 1765 351 att

113 412 301 477 enundinaret.
316 411 475 470 maledictus
493 411 527 469 ab
541 410 622 485 (dea,
636 411 704 480 Vlll,
718 412 906 486 anteponatis
926 416 952 477 Α
964 425 991 469 et
1017 414 1052 469 da
1073 412 1180 469 caeteris
1202 412 1400 485 professoribus
1427 413 1588 482 litterarum,
1622 411 1677 469 imo
1709 425 1763 465 uon

113 506 210 563 dalida
222 508 264 581 (ll
279 507 430 579 eiectiiscst
441 525 448 562 ε
459 508 562 564 etalter
574 524 667 580 inagus
680 511 725 580 qui
740 525 801 566 ciam
814 510 910 581 Sergia
963 506 1138 563 dubitandam
1165 505 1260 563 aflines
1283 506 1343 565 illas
1367 522 1428 565 esse
1453 505 1618 563 multiiiiadaa
1652 480 1775 561 idolola·‘

112 599 207 688 Panlo,
221 600 348 671 quoniam
372 601 468 658 iisdem
492 599 685 658 adversabatur
707 604 845 674 apostolis,
867 603 908 661 lu·
963 608 1032 657 triu.
1045 603 1174 668 Pramum,
1188 602 1285 673 quibus
1300 602 1536 658 necasseestdeas
1547 608 1683 656 nationum
1695 611 1763 669 pra·

111 694 215 749 naiiinm
235 693 379 751 amissione
392 694 585 751 uiuictatnsest
600 693 680 766 (aar,
693 693 795 768 littus
815 709 907 770 seqq).
963 692 1063 761 dicare,
1078 695 1198 760 nomina,
1212 694 1391 766 genealogias,
1405 692 1526 760 fabulas,
1539 700 1699 753 ornamenta
1714 689 1773 745 faa·-

21 844 26 851 ,
112 780 171 839 llac
183 791 211 839 et
224 786 352 865 astrologi
370 787 523 843 retulissent
537 786 636 855 credo,
652 787 747 860 siquis
761 790 788 845 in
801 799 911 860 aposta·
964 788 1074 843 narifica
1106 802 1220 859 quiaque
1247 802 1341 843 aaroni
1375 790 1526 852 enuntiare,
1552 794 1608 843 tuna
1632 783 1764 841 solemnia
1865 790 1870 795 '

113 875 157 933 las
172 877 310 936 incidisset
324 878 374 952 (Ξ).
388 882 513 937 Attamen
526 896 587 937 cum
600 881 686 953 magia
699 882 819 953 punitur,
835 882 913 953 cujus
963 878 1086 949 festaque
1104 880 1261 939 earumdem
1282 879 1449 945 obseruare,
1464 880 1604 951 atquibus
1623 877 1763 949 vectigalia

111 979 155 1028 ast
174 973 280 1043 species
301 974 457 1047 astrologia,
479 976 570 1047 ntique
592 985 620 1030 ct
641 976 746 1046 species
767 976 795 1031 in
814 992 913 1048 genera
964 986 1012 1028 sua
1037 981 1192 1042 suppetant.
1214 972 1281 1042 Quis
1308 972 1493 1045 ludimagister
1519 972 1568 1045 (a),
1590 973 1649 1031 sine
1674 970 1763 1028 tabula

111 1062 266 1120 damnatur.
289 1064 353 1121 Post
377 1067 552 1139 Euangelium
566 1083 698 1139 nusquam
723 1070 844 1127 insanias
867 1079 914 1127 ant
963 1073 1068 1137 septeni
1081 1063 1234 1134 idolorum,
1258 1065 1428 1137 quinquatria
1442 1074 1531 1121 tamen
1546 1064 1587 1137 (3)
1608 1063 1764 1137 frequenta-

110 1155 258 1227 sapliistas,
273 1166 320 1213 aut
332 1157 479 1227 ebalduas',
496 1170 542 1215 aut
555 1159 750 1226 incantatores,
762 1171 808 1217 aut
820 1161 913 1232 conje-
963 1157 1003 1214 bit
1014 1155 1071 1229 (cll
1096 1158 1183 1231 ipsam
1216 1158 1330 1229 primam
1357 1158 1419 1215 riari
1447 1156 1571 1228 discipuli
1594 1158 1691 1228 stipem
1715 1156 1763 1213 tti-

111 1255 221 1318 ctares,
236 1258 283 1304 aut
296 1262 407 1323 magos,
423 1250 472 1306 nisi
487 1251 566 1321 plane
579 1252 698 1322 punitas.
719 1250 769 1307 Ubi
790 1253 911 1326 sopiens,
964 1268 1055 1310 neria
1069 1264 1096 1310 et
1121 1253 1217 1309 laanori
1243 1262 1272 1309 at
1299 1251 1401 1309 nomini
1429 1260 1581 1319 caiisacrat,
1604 1259 1634 1307 nt
1656 1252 1706 1308 atsi
1720 1250 1761 1323 (l)

111 1339 311 1411 ubitiuaatar,
326 1341 370 1397 ubi
384 1343 540 1414 aanqaairr'tar
558 1344 635 1415 bajas
647 1344 715 1399 ceni?
729 1343 823 1400 Naime
838 1345 910 1415 iiiia·
963 1360 1016 1401 nan
1040 1344 1197 1417 profanatas
1223 1344 1304 1401 alicui
1331 1345 1426 1415 idaia,
1453 1343 1616 1400 verbotenus
1642 1342 1678 1399 de
1702 1342 1762 1398 ida·

112 1434 194 1488 tanais
208 1433 435 1506 Deurrapieiitiana
451 1436 528 1508 bajus
539 1440 624 1493 metiti
638 1436 911 1512 (iconismatum
963 1437 1067 1509 latbyta
1087 1435 1266 1493 essedicatur
1289 1434 1340 1509 (d).
1363 1434 1433 1505 Quid
1460 1435 1549 1491 miuus
1573 1444 1616 1490 est
1639 1432 1762 1503 inquina-

112 1525 177 1593 scis,
193 1525 397 1595 matlianiaticc,
413 1527 437 1582 si
454 1528 595 1585 nesciebas
610 1537 636 1585 te
649 1529 768 1586 futuram
783 1530 909 1587 christia·
962 1530 1046 1586 menti
1070 1529 1110 1602 (5)
1134 1543 1167 1586 aa
1188 1528 1260 1599 quad
1286 1536 1396 1599 praestit
1422 1534 1540 1597 quaestus
1562 1535 1589 1581 ct
1608 1524 1762 1582 uaiaiinibns
1816 1581 1819 1589 ,

110 1631 187 1674 ιιιιιιι.
204 1617 252 1674 Sin
263 1618 385 1686 sciebas,
402 1618 454 1675 bac
471 1634 577 1693 quoque
596 1623 666 1678 scire
680 1621 823 1688 debueras,
843 1623 911 1679 nibil
961 1630 991 1677 at
1003 1619 1151 1677 baliaribus
1172 1618 1246 1675 idola
1267 1619 1455 1691 nuncupatas?
1475 1628 1529 1675 tum
1543 1618 1697 1675 liiiicrualia
1710 1616 1763 1673 lli·

110 1709 160 1765 tibi
183 1707 302 1767 faturum
326 1726 387 1767 cuin
408 1713 459 1767 ista
482 1712 657 1783 professione.
675 1713 735 1785 lpsa
749 1723 776 1769 tc
790 1714 824 1771 de
839 1716 911 1787 pcri·
962 1730 1063 1783 aarum,
1084 1730 1164 1787 quarn
1187 1714 1338 1770 Saturnalia
1353 1698 1475 1778 Saturaii,
1492 1728 1551 1784 quaa
1569 1713 1650 1769 atiani
1675 1712 1762 1769 serai-

109 1803 171 1859 caia
186 1818 237 1858 sao
254 1802 418 1869 instrueret,
432 1821 491 1876 qaue
510 1805 622 1861 aliarum
640 1804 820 1862 climacterica
843 1823 912 1877 praa·
925 1851 949 1911 B
963 1796 1096 1863 culis‘sub
1110 1813 1233 1878 ternpore
1247 1806 1430 1863 Saturnalium
1444 1804 1574 1862 celebrari
1588 1811 1762 1862 necesseest.

109 1892 246 1968 canitia),
263 1892 324 1950 lifou
343 1896 443 1950 esttibi
463 1914 523 1969 para
545 1913 623 1970 aeque
635 1900 718 1953 sarrin
740 1899 789 1954 iata
811 1900 911 1955 rotiana
962 1900 1050 1957 Etiam
1060 1910 1158 1957 strenae
1180 1900 1328 1972 captandae,
1345 1900 1634 1972 atseptimuaitinm,ct
1650 1900 1764 1967 lirumai,

111 1986 193 2062 (Aca,
212 1984 278 2055 vttl,
293 1988 353 2059 Sl).
367 1988 425 2047 Nau
440 1998 528 2062 potest
542 2005 624 2061 regua
638 1991 769 2048 coelarum
787 2007 910 2065 sperma,
962 2001 990 2049 at
1002 2006 1073 2051 carae
1092 1994 1261 2065 cognationis
1275 1992 1419 2049 bonnuaria
1440 1992 1570 2063 exigenda
1584 1992 1685 2058 amnia,
1697 1991 1764 2048 Flo-

109 2080 297 2151 cnjusdigitus
309 2090 355 2136 aut
370 2081 460 2139 radius
473 2082 590 2137 abutitur
604 2084 684 2141 aiala.
962 2101 1001 2141 raa
1013 2086 1055 2158 (6)
1068 2087 1168 2143 salialae
1189 2086 1353 2144 coronandae
1370 2085 1419 2160 (a).
1446 2085 1600 2142 Flaminica
1623 2094 1650 2139 aa
1670 2084 1765 2149 aediles

435 2172 548 2232 CAPUT
570 2174 605 2231 X.
962 2180 1126 2245 sacrificant,
1142 2180 1243 2237 creatis
1264 2180 1303 2251 (lt
1317 2177 1410 2234 sclaala
1442 2176 1477 2251 (()
1503 2176 1653 2232 bonoratur
1676 2176 1762 2231 feriis.

146 2264 325 2334 Quaerendum
352 2273 442 2324 autern
460 2277 501 2325 est
523 2267 604 2324 etiam
629 2268 663 2325 da
688 2268 744 2326 ludi
771 2270 908 2343 magistris
963 2271 1035 2329 ldem
1049 2273 1080 2328 fit
1092 2271 1157 2329 idoli
1180 2273 1260 2331 tantali
1275 2272 1364 2329 amnis
1377 2269 1477 2327 diaboli
1497 2284 1594 2341 pompa
1608 2267 1764 2341 frequenta-

711 2404 902 2465 LECTIOleS
922 2407 1130 2466 laetanias.
1230 2444 1235 2451 =

141 2548 179 2614 (l)
196 2546 502 2613 lidedejcclnsastsiui.
960 2510 1286 2616 quairist.fraquantabitf

144 2613 181 2689 (ᾗ)
196 2611 516 2685 Siqni-fincidissentlli
531 2612 574 2663 ait.
956 2607 964 2617 “
991 2613 1029 2676 (ll
1044 2613 1075 2664 Et
1087 2613 1141 2665 uisi
1153 2610 1235 2665 Paris.

143 2676 181 2748 (a)
199 2676 242 2725 Sic
254 2680 378 2765 ,urracam
387 2684 501 2787 {affl
519 2674 634 2789 neitzotii't'
647 2671 752 2803 ma
762 2686 847 2787 unffi,
856 2674 908 2788 ltpadg
990 2677 1027 2787 (Ξ)
1045 2676 1233 2789 ἓτίᾳιιιιέιιοιιιο
1240 2671 1323 2727 Paris.
1335 2675 1397 2725 fiai.
1410 2672 1515 2725 eaabeit
1526 2669 1608 2724 Paris.
1621 2672 1684 2723 luia.

111 2738 389 2864 ἱιῃὲξιῗεῑξῖιῗιιίῗοῖιιῑιδὶιιῖυ
398 2750 481 2851 giren
493 2753 550 2850 iiiam
562 2775 750 2851 fuiifmaauit.⁴
763 2812 813 2850 nan
829 2753 908 2860 Quig·
991 2740 1029 2865 ili
1051 2750 1239 2852 &immas
1248 2798 1343 2852 Cereri.
1357 2798 1467 2851 liltcnan.

798 2929 1077 2989 collaborantes

114 3059 279 3117 sessionibus
307 3057 429 3128 banedcii
454 3055 766 3126 titula-comprehensis.
791 3054 824 3108 St
846 3068 906 3123 quaa
957 3052 1111 3107 ainetobnla
1133 3060 1228 3123 reptent
1249 3049 1396 3113 idolorum,
1419 3045 1586 3119 quinquatria
1605 3052 1690 3100 tomen
1705 3062 1757 3101 aaa

74 3136 81 3149 '
115 3132 184 3202 apud
208 3145 259 3187 nas
281 3130 387 3201 pinguia
413 3139 476 3185 sunt
500 3129 647 3193 beneficia,
677 3136 797 3190 uetares,
824 3127 906 3180 etiarn
958 3118 1528 3193 frequeaitobitlsic,utravisniadalcgas,
1545 3117 1615 3172 iiiaui
1631 3120 1758 3171 eritsen·

114 3212 189 3259 cntra
206 3202 251 3257 bai
274 3202 427 3267 civitatem,
451 3201 547 3255 diacre
574 3203 664 3266 epatu
691 3205 822 3269 tapam-aui.
846 3195 942 3270 lame
959 3209 1015 3251 sus.
1032 3196 1139 3251 Nullum
1153 3210 1214 3251 csse
1235 3191 1468 3263 ludimagistrum,
1483 3188 1529 3260 qui
1543 3202 1595 3243 uon
1611 3186 1707 3242 babeat
1729 3186 1773 3242 in'

114 3289 180 3328 uara
193 3272 294 3343 pridem
310 3274 399 3329 sicetili
416 3272 478 3325 ritio
495 3286 627 3325 euaniicre
642 3270 676 3324 de
690 3272 769 3323 rebus
782 3267 906 3323 elisistia·
960 3265 1023 3321 fudo
1037 3280 1086 3322 sna
1098 3268 1154 3321 sira
1165 3266 1256 3321 schola
1281 3266 1396 3319 tabulam
1410 3272 1514 3334 septam
1529 3258 1660 3314 idolorum
1675 3300 1682 3323 ,
1706 3256 1757 3314 liae

115 3345 158 3401 uis
171 3344 300 3415 praeclara
314 3344 358 3397 illa
372 3341 465 3397 Sancti
479 3341 595 3411 Spiritus
610 3343 748 3395 miracala.
764 3340 823 3395 liic.
957 3347 1018 3400 est.
1033 3346 1136 3407 septem
1157 3341 1340 3407 plenalunium
1357 3334 1457 3393 Lunae,
1486 3331 1592 3394 llartis,
1610 3329 1756 3397 Mercurii,

153 3414 193 3486 (a)
219 3415 335 3469 attamu
358 3414 528 3467 ciiiiancterica
558 3412 688 3481 moecauit.
720 3408 905 3464 Ciiaiiactarica
958 3418 986 3465 at
995 3418 1166 3473 caeterorum,
1182 3406 1252 3461 unda
1270 3407 1377 3461 manain-i
1392 3405 1499 3459 dierum
1519 3400 1695 3455 hebdomadis
1707 3414 1758 3455 cn·

115 3487 181 3545 dicit
194 3494 268 3541 carta
281 3484 343 3539 ritae
361 3484 446 3553 spatia
467 3497 515 3553 par
528 3498 615 3539 antias
627 3496 723 3537 uorem
742 3490 790 3535 aut
802 3488 905 3549 septam
956 3480 1064 3551 jusque.
1083 3480 1136 3533 dut
1148 3479 1170 3531 si
1186 3480 1246 3547 quis
1268 3478 1416 3547 reperiatur
1429 3473 1529 3544 absque
1548 3470 1702 3540 laniusmadi
1715 3480 1758 3525 ti-

115 3556 225 3614 scanslli
249 3555 351 3610 ratione
364 3555 513 3621 currentia,
540 3569 601 3624 quau
619 3552 731 3608 clialdrai
760 3550 907 3616 periculosa
959 3553 1040 3616 bula,
1057 3550 1128 3605 lirina
1141 3558 1229 3603 tumen
1243 3548 1411 3618 quinquatria
1434 3544 1678 3613 frequentatorum.
1693 3540 1757 3609 Quis

116 3626 340 3691 esseal'farinant,
356 3622 908 3697 praecipuevetaatint1n163.Huticettiru
959 3632 1050 3677 autam
1074 3622 1154 3677 inerit
1171 3620 1240 3691 apud
1262 3617 1460 3687 liadiinagistras
1483 3616 1560 3669 istius
1584 3612 1684 3667 tabula
1701 3610 1758 3667 sive

117 3700 156 3756 illi
181 3697 334 3754 climactera
346 3697 499 3752 andraclam
514 3711 574 3752 csse
586 3694 906 3766 aiuiatgnacavociibala.
965 3696 1084 3751 laterculi
1104 3701 1206 3764 septam
1220 3690 1326 3747 dicium
1348 3702 1430 3752 usus,
1446 3684 1600 3756 diligentins
1622 3681 1759 3755 inquirere

118 3770 196 3841 Quod
217 3769 290 3823 latini
314 3768 436 3825 dicerent
456 3770 621 3840 uirifniguio.
644 3770 680 3823 be
696 3767 747 3823 laac
770 3780 835 3821 uera
860 3766 912 3821 cli·
964 3782 1019 3822 nau
1035 3768 1099 3822 tanti
1114 3775 1165 3820 est.
1181 3763 1304 3818 Forsitan
1317 3760 1502 3831 praescriptum
1517 3766 1564 3811 aaut
1577 3756 1759 3827 significatum

119 3851 237 3897 mactare
251 3840 324 3895 locus
337 3851 379 3896 cst
404 3839 514 3912 insignis
526 3840 578 3897 lut.
602 3840 709 3896 Firmici
735 3838 846 3893 llathca.
864 3838 908 3906 tv,

119 3928 198 3984 quein
223 3912 257 3966 ab
275 3912 332 3967 las.
359 3912 495 3984 Scaligara
514 3914 570 3981 jain
591 3911 735 3968 iiidieatnin
761 3913 910 3967 satis-esse

119 3984 314 4048 particularem,
339 3984 389 4038 nisi
416 3983 584 4040 emendatior
604 3984 675 4039 iiiaa
690 3981 767 4037 nobis
787 3981 873 4037 enicat
894 3997 909 4036 a

120 4056 247 4111 Bibliatb.
264 4054 346 4125 regia.
362 4053 407 4109 Sic
422 4056 494 4109 caini
510 4055 623 4126 legimus
647 4055 673 4108 iii
698 4064 805 4109 uetusto
817 4068 910 4109 cscm·

101 4127 187 4195 'plari
202 4142 208 4178 ε
223 4126 293 4180 Sana
310 4134 382 4179 entra
405 4135 509 4181 cataros
523 4128 697 4191 ciiaiincteras,
712 4127 787 4179 etiarn
806 4126 908 4195 septimi

121 4198 182 4251 ratini
201 4206 225 4250 ct
239 4197 317 4259 uani,
339 4214 384 4267 per
406 4214 479 4253 antire
492 4200 549 4253 aitte
562 4210 660 4268 teinpus
679 4197 848 4264 iiinltipiicata
868 4213 912 4250 ru·

121 4270 189 4322 tione
210 4278 354 4329 currentes,
381 4271 492 4324 naturali
513 4270 624 4339 quadam
644 4281 669 4323 ct
683 4269 770 4323 iateiati
794 4268 910 4333 ratione,

122 4339 198 4394 curiis
209 4339 334 4392 baratinam
349 4341 520 4411 periculorum
539 4340 724 4398 discriminibus
737 4356 836 4409 satrapea
855 4338 912 4409 affi-

122 4410 203 4464 ciunt.
219 4408 293 4465 tinne
304 4420 326 4464 ct
338 4412 384 4467 65.
400 4429 492 4477 antitis,
503 4413 564 4483 qiaia
575 4414 706 4482 utrinaque
718 4410 818 4466 numeri
837 4427 913 4465 aurii·

122 4497 190 4535 araim
205 4482 300 4552 pariter
311 4482 414 4553 occipit.
423 4484 560 4538 audraeins
573 4485 716 4553 appellatus
729 4491 773 4538 est.
791 4482 824 4537 Et
835 4482 914 4551 paula

123 4562 184 4623 past
198 4570 205 4605 :
220 4551 275 4605 flue
290 4568 320 4607 aa
334 4570 424 4607 carossa
437 4554 469 4607 ab
480 4552 614 4626 AEggptiia
623 4554 760 4609 aradraefas
771 4555 853 4609 dictur
865 4564 913 4617 est,

123 4622 191 4694 parad
201 4640 299 4678 coariani
309 4625 527 4679 airiaubstoritiani
538 4630 640 4697 frangat
648 4643 677 4678 aa
686 4626 805 4681 debilitet.
818 4623 917 4679 Earleiu

123 4710 189 4749 voro
210 4696 352 4750 occasione
373 4696 559 4752 describentur
572 4696 616 4751 laic
641 4697 722 4753 atiani
737 4707 764 4750 et
784 4695 919 4749 ueteribus

123 4764 200 4821 libris
214 4765 336 4834 quiedam
358 4767 391 4820 ab
406 4768 507 4838 agellio
529 4770 608 4823 citata
631 4782 663 4825 ex
679 4770 766 4838 prima
790 4766 917 4820 fibrarum

125 4852 194 4906 qnos
209 4836 243 4891 if.
262 4836 346 4892 Varro
359 4838 496 4910 inscripsit
511 4840 709 4905 liebdanaadcs,
725 4839 766 4893 val
779 4838 813 4892 da
826 4836 919 4906 finagi-

126 4908 361 4977 railinsscptanarii
374 4912 488 4965 numeri.
500 4910 664 4966 Ciiiiiecteras
676 4910 931 4982 quoramcunque·

127 4994 175 5048 quc
189 4979 243 5045 fieri
256 4981 420 5048 septenarios.
434 4982 494 5039 lita.

132 5119 138 5131 ι
164 5047 240 5103 epp,
256 5048 377 5120 lle-lb)
390 5052 452 5117 Qaair
464 5054 649 5123 iaadiiiingirter,
660 5054 714 5109 sirie
726 5052 812 5107 tobnia
823 5060 918 5121 septeni

128 5118 266 5173 idolorum.
282 5124 365 5176 buten
377 5124 527 5195 legabatur:
546 5126 610 5194 Quis
621 5128 676 5180 fandi
688 5127 817 5197 iiiiapiater,
830 5125 852 5177 si
867 5139 918 5176 nari

130 5188 919 5275 tabulariaidolorumquinqnotriutoriacofrequentabit.Nulla

130 5276 222 5344 sensu.
234 5258 391 5319 Beatissimo
401 5276 458 5323 erat
471 5271 602 5340 scriptura
615 5280 699 5328 vetus.
707 5268 763 5339 jain
779 5268 919 5322 absara-ata

130 5333 239 5404 tlttldssffl
252 5332 369 5396 Balabo.
383 5342 540 5397 nuncetiam
558 5341 691 5411 agobardi
704 5340 797 5395 codice
819 5337 920 5393 confar-

130 5411 213 5460 naata.
224 5402 261 5488 Ea
270 5417 309 5460 est
320 5404 471 5477 litiJusniodi
482 5430 489 5467 ι
501 5413 562 5478 Quis
570 5414 625 5467 ludi
638 5413 757 5483 naaqirtei·
769 5412 824 5464 sine
836 5408 922 5464 tabula

130 5487 224 5547 septeni
235 5476 363 5533 idolorum
370 5483 533 5555 quinquatria
543 5494 627 5540 tossen
636 5482 813 5556 frequaiitobit.
822 5480 921 5538 Verum

130 5559 159 5603 nt
172 5558 278 5632 constat
295 5566 408 5619 seusus,
436 5555 586 5610 adliibeiada
606 5556 751 5612 distinctio.
768 5554 832 5621 Quin
852 5552 922 5607 ludi·

131 5632 266 5703 arripastcr,
280 5624 347 5706 'aiam
360 5626 447 5680 tabula
467 5637 562 5695 septeni
583 5625 731 5682 idoloruui?
755 5623 856 5681 aeliane
869 5638 922 5677 uan

132 5699 360 5775 interrogatione,
377 5697 424 5752 sed
439 5707 639 5763 asseverantur,
660 5697 822 5769 quinquatria
841 5705 925 5751 tonica

132 5763 310 5845 frequentabit.
325 5768 379 5821 Atat
391 5769 413 5822 si
431 5768 605 5837 initerragatia
625 5769 732 5838 ponitur
753 5770 780 5824 iu
794 5768 860 5832 fine,
877 5779 925 5821 ne·

132 5848 251 5894 cassano
264 5835 407 5908 legandum
421 5838 491 5898 sicut
502 5838 658 5914 edidimus:
673 5838 737 5907 Quia
752 5838 927 5911 ludiimgiater

963 3838 1018 3895 illic
1041 3839 1089 3893 fnit
1111 3836 1172 3908 qnid
1197 3847 1301 3905 quaque
1320 3832 1365 3887 die
1386 3830 1524 3901 iliacipulis
1549 3828 1616 3883 tradi
1647 3824 1760 3883 reddita

962 3918 1109 3982 oporteret.
1124 3907 1277 3971 iuvenalis,
1289 3903 1346 3960 Sat.
1363 3901 1406 3958 llll
1424 3920 1431 3956 r

1056 4002 1095 4055 ll'il
1107 4003 1162 4054 salit
1173 3999 1283 4052 arcadico
1292 3996 1387 4062 juveni,
1400 3997 1470 4060 cnjus
1480 3992 1537 4044 mibl
1547 3958 1626 4041 sexta

1055 4068 1158 4131 Quaque
1168 4066 1209 4115 die
1221 4064 1340 4113 misarum
1351 4060 1420 4111 dirus
1430 4063 1502 4120 caput
1513 4052 1634 4105 Hannibal
1647 4050 1743 4117 implet.

963 4152 1004 4209 Ea
1016 4152 1078 4217 dia,
1094 4151 1214 4215 scilicet,
1232 4149 1314 4203 totius
1329 4140 1505 4203 liebdanaadis
1519 4152 1622 4195 sinninu
1649 4135 1762 4219 collige·

964 4224 1052 4280 batur.
1066 4224 1183 4284 Septima
1198 4221 1259 4284 die,
1273 4220 1349 4289 ipuies
1360 4226 1387 4271 at
1401 4214 1494 4268 iitiuan.
1507 4212 1567 4280 ipsc
1579 4206 1763 4263 Tertullianus

964 4296 1034 4379 librq
1049 4295 1081 4349 ad
1092 4293 1218 4349 Nationes
1230 4292 1326 4361 primo,
1342 4302 1400 4357 cap.
1416 4282 1494 4339 lllil:
1508 4300 1518 4333 a
1532 4280 1586 4337 Vas
1598 4288 1672 4334 carte
1685 4279 1762 4361 estis,

965 4368 1010 4437 qui
1026 4384 1051 4422 tu
1079 4365 1237 4420 laterculum
1257 4370 1359 4433 septam
1380 4359 1485 4411 iliarum
1502 4354 1592 4431 saleni·
1611 4360 1762 4418 recepistis,

965 4448 993 4493 et
1007 4454 1040 4494 ax
1060 4436 1152 4491 diebus
1177 4436 1262 4505 ipsiaui
1290 4428 1467 4501 praeelegistis,
1494 4438 1548 4494 qua
1567 4421 1612 4477 die
1628 4421 1763 4502 laanacrnm

966 4507 1144 4571 subtrahatis,
1167 4517 1212 4562 aiat
1227 4506 1252 4561 iii
1277 4516 1416 4573 uesperam
1435 4496 1588 4562 differatis,
1616 4502 1662 4547 ant
1676 4503 1763 4547 atium

929 4582 994 4643 Det
1010 4581 1151 4652 prandium
1164 4578 1273 4633 cirratis.
1290 4594 1298 4625 i
1316 4573 1374 4630 liic.

1009 4654 1046 4727 (ι)
1069 4649 1238 4720 Quinquatria
1259 4657 1342 4701 tumen
1366 4639 1540 4715 frequentabit.
1566 4632 1762 4717 Qiiitiquatria,

970 4740 1018 4781 seu
1031 4724 1228 4793 Qaiinquatrus,
1244 4734 1364 4773 -sacra
1380 4714 1520 4777 liiiio-aa,
1545 4706 1659 4763 Noiiuuo
1680 4718 1767 4785 qaaaa

965 4794 1183 4869 junctisqninqnc
1199 4790 1288 4846 diebus
1313 4789 1414 4842 lanient.
1428 4784 1467 4839 dd
1484 4783 1541 4836 liare
1561 4791 1636 4835 sacra
1652 4775 1768 4831 ludima-

970 4869 1068 4940 gistras
1081 4873 1159 4920 sociat
1185 4863 1254 4919 idean
1274 4860 1385 4924 Ouidius
1399 4856 1445 4914 lib.
1462 4853 1503 4909 tlt.
1525 4850 1629 4907 Faustar.
1648 4866 1656 4902 :

1032 4956 1085 5009 Nae
1096 4969 1139 5007 aas
1151 4954 1222 5005 turba
1233 4952 1279 5003 fari
1290 4966 1366 5003 ctrttstl
1378 4948 1487 5001 fraudata
1498 4944 1607 5007 magistri

1077 5018 1202 5081 Spernite,
1212 5014 1344 5079 discipulas
1354 5012 1454 5065 atuabit
1465 5009 1507 5060 illa
1523 5018 1607 5059 nouas.
1640 5002 1695 5053 liic.

1007 5116 1050 5189 (ιΙ)
1067 5113 1222 5171 Veritateaits
1239 5112 1271 5162 de
1283 5107 1425 5178 idafatltpta
1439 5120 1493 5159 esse
1509 5100 1618 5181 dicatur.
1639 5093 1769 5166 Sequitur

971 5188 999 5245 iii
1013 5188 1127 5259 vulgatis
1143 5182 1319 5244 editionibus,
1338 5178 1391 5233 Pro
1405 5174 1544 5254 idalairitra
1567 5176 1668 5223 artetur.
1691 5163 1769 5245 Quod

972 5276 1026 5316 nou
1048 5260 1153 5325 uidetur
1176 5270 1236 5309 esse
1250 5250 1426 5313 Tertulliani,
1441 5246 1493 5301 etsi
1515 5257 1542 5298 ni
1560 5240 1621 5297 cad.
1634 5235 1769 5333 agobardi

971 5332 1142 5403 reperiatur,
1163 5326 1217 5381 luo
1229 5322 1376 5379 idololotria
1388 5323 1490 5373 nitatur.
1565 5382 1571 5395 ι
1678 5380 1683 5391 .
1698 5378 1704 5391 ¹

1011 5401 1049 5477 (a)
1066 5402 1154 5459 Flora
1174 5398 1269 5452 sclioltc
1286 5392 1451 5448 coronandae.
1473 5382 1623 5443 Floralibus
1646 5377 1769 5447 scilicet,

976 5474 1063 5531 flami
1075 5472 1168 5530 sacris.

1011 5548 1043 5621 (1)
1055 5544 1154 5602 Greatir
1176 5540 1264 5598 miscio
1283 5536 1422 5591 fianarotur
1445 5530 1527 5602 feriis.
1543 5522 1680 5606 Siclrabat
1693 5529 1771 5576 vatus

976 5620 1122 5689 exemplar.
1131 5612 1299 5685 ineptissima
1308 5620 1388 5665 amaa
1399 5596 1661 5676 lagalaatiir,Cerarta
1670 5588 1769 5647 ulau.

976 5691 1088 5747 Creatns
1103 5687 1183 5744 ferias
1193 5683 1275 5747 dicit,
1296 5695 1356 5752 qnu
1370 5694 1422 5733 oon
1437 5682 1514 5733 eraut
1524 5676 1601 5755 stata
1613 5678 1659 5722 aui
1670 5664 1772 5744 solem·

977 5778 1027 5819 nes
1039 5802 1047 5829 ,
1061 5761 1109 5817 sed
1123 5758 1274 5813 iinliciiroe:
1296 5752 1331 5807 ab
1343 5748 1479 5807 AEdalians
1493 5743 1598 5803 scilicet
1609 5741 1656 5795 aut
1673 5732 1772 5791 Flauu-

978 5834 1047 5893 iiicia
1058 5833 1093 5891 ab
1105 5826 1235 5889 sacrificia
1246 5821 1370 5898 quaedam
1379 5822 1496 5880 iiidicte.
