4084 6334
141 300 196 361 aar
708 296 935 358 otssanmno
954 295 987 358 o.
1008 293 1054 357 te
1070 292 1225 359 nounnr.
1473 274 1477 283 ’
1744 310 1797 369 rra

143 417 274 491 exemplis
286 432 303 474 a
315 412 474 475 diuexandis
485 412 697 488 torquendisque
708 412 868 472 Chastianis
880 412 984 475 auo-m
996 414 1113 471 versiam
1128 430 1189 473 esse
1201 416 1308 475 ridetur
1316 417 1408 491 plures
1418 426 1496 477 antea
1505 421 1564 478 neci
1573 420 1656 479 luisse
1669 422 1793 483 traditos.

142 520 226 568 wer,
995 504 1099 563 Sensus
1109 506 1200 579 itaque
1215 507 1372 567 Tertulliani
1384 520 1427 568 est
1441 511 1609 571 Christianos
1627 514 1701 586 prius
1716 533 1731 573 a
1746 518 1797 576 Sa·
1819 566 1821 571 .

179 601 259 661 Plura
273 600 590 670 antemltiolilsernulnis
602 602 759 675 suppeditat
772 610 943 675 amasonia,
995 600 1123 667 turnino,
1141 615 1222 671 quam
1244 600 1382 659 Hilariano
1406 606 1600 675 excruciatos,
1625 622 1656 665 ac
1681 609 1795 680 proinde

142 700 240 773 qtrilsus
262 700 340 756 illum
362 707 572 772 posterorum
601 699 696 758 Seueri
723 686 895 773 imperatoris
916 698 943 756 in
994 692 1404 754 ittuntutrecensenuoatrica
1420 698 1563 769 praelectus
1581 698 1797 760 Cltristianurum

74 820 85 827 -
143 790 311 851 etntsomos
342 774 558 863 pemeoutioncm
591 792 723 865 seriptum
755 790 842 849 luisse
877 789 945 847 satis
995 784 1155 856 mortuom,
1171 802 1225 845 non
1240 788 1316 860 sequi
1331 800 1483 863 temporum
1498 792 1635 851 ordinem.

144 893 238 957 aperta
246 884 399 942 condatur.
412 883 600 955 Quorumdam
613 886 687 945 enim
702 886 740 945 ilai
755 893 944 958 proponuntur
1031 879 1118 939 llinus
1129 880 1211 953 igitur
1230 891 1305 939 certa
1318 883 1424 941 nitimur
1444 886 1552 945 illorum
1565 890 1658 962 opinio
1667 894 1737 965 ,uui
1749 909 1795 952 ar·

144 980 266 1052 exempla
279 978 503 1052 praesidum‚qui
514 995 576 1036 oum
587 990 636 1052 per
649 978 676 1037 id
688 988 794 1051 tempus
812 978 944 1037 cansam-
995 971 1087 1029 aitrau
1107 983 1171 1030 sunt
1187 973 1311 1032 Cincium
1334 976 1483 1049 Severum,
1504 978 1685 1053 Vespronium
1700 983 1800 1043 Candi-

145 1086 197 1128 nos
228 1071 311 1129 variis
333 1071 474 1145 suppliciis
494 1071 668 1141 edeciment,
697 1073 867 1131 asperitatis
888 1087 946 1130 snae
995 1066 1079 1135 dum,
1108 1068 1241 1139 Asperum
1265 1082 1297 1126 ac
1319 1068 1467 1128 Pudentem
1489 1072 1588 1131 ilrldem
1601 1090 1616 1131 a
1630 1076 1799 1135 Tertulliano
1881 1117 1883 1127 ·

146 1164 303 1249 poenasjatp
315 1163 458 1222 dederuut.
469 1164 512 1221 Ala
522 1164 662 1223 littarirno
672 1174 764 1223 autetu
783 1166 824 1224 sie
835 1166 945 1223 Tertul-
997 1170 1090 1217 nostro
1101 1168 1163 1232 post
1175 1160 1341 1225 llilerianum
1356 1172 1383 1219 et
1392 1162 1569 1223 Saturninum
1582 1168 1678 1225 eodem
1701 1168 1797 1227 ordine

145 1257 234 1314 lianus
247 1258 375 1316 onlitttr:
396 1258 452 1317 Sua
468 1258 609 1316 Hilariano
621 1260 739 1333 prosim,
754 1276 814 1316 mm
827 1261 860 1317 de
880 1262 946 1317 areis
996 1252 1141 1324 appellari,
1168 1268 1222 1326 ouo
1245 1256 1430 1328 unusquisque
1457 1257 1602 1329 proconsul
1629 1259 1726 1318 alrtcae
1745 1262 1796 1319 tuit

145 1353 337 1423 sepulturarum
349 1362 496 1410 nostrarum
508 1352 693 1411 secundarent
706 1354 801 1411 :Areas
813 1370 865 1411 nott
881 1355 944 1421 rint,
996 1344 1162 1420 (Talaim-
1190 1346 1235 1403 lii.
1260 1348 1295 1403 oti
1316 1348 1423 1423 Scapnt.
1446 1366 1504 1423 cap.
1525 1352 1566 1424 a).
1582 1351 1649 1409 Nam
1669 1352 1720 1410 hos
1734 1354 1795 1411 ideo

146 1462 215 1504 aren
239 1448 352 1520 ipsorum
378 1464 430 1504 ιω.
456 1450 574 1521 [amrin
601 1464 694 1505 Μαι.
723 1450 790 1503 arm
813 1463 875 1504 rm
894 1463 946 1503 non
997 1439 1351 1513 eonrmennorat‚quiatanto
1362 1442 1453 1499 mitius
1463 1442 1797 1517 inchristianusegerunt,

86 1526 92 1535 '
145 1551 252 1613 egeram
275 1540 386 1612 (ratur,
420 1540 465 1597 tra,
488 1540 524 1597 aa
546 1541 655 1615 scapus,
679 1556 739 1614 cap,
766 1525 806 1615 5),'
820 1540 859 1599 rm
877 1556 945 1599 pem
997 1540 1099 1605 quanto
1123 1531 1161 1588 illi
1176 1533 1322 1591 crudelius.
1333 1533 1389 1591 Gur
1399 1543 1488 1592 autem
1502 1547 1652 1607 temporum
1671 1537 1796 1595 ordinem

147 1632 218 1689 laud
239 1648 348 1707 prorsus
370 1634 461 1705 inepta
486 1633 613 1692 onothera
645 1652 732 1691 aream
766 1636 823 1694 sive
857 1636 946 1694 locum
997 1642 1121 1684 seruasse
1136 1625 1239 1685 dicotur
1252 1626 1302 1685 laos
1317 1628 1416 1700 podas
1430 1644 1511 1701 quam
1524 1629 1587 1687 illos
1615 1630 1800 1688 nominando?

146 1735 476 1799 wtcuum,auleampum
491 1727 628 1795 sterilem,
645 1729 673 1785 in
686 1729 947 1802 quonum-misem.
998 1719 1040 1778 Mi
1055 1722 1113 1778 ltaeo
1131 1721 1363 1790 reru,dultilontli
1380 1722 1455 1779 ioatta
1480 1732 1523 1781 esi
1544 1734 1632 1781 ulrttttt
1647 1721 1676 1781 iii
1694 1724 1799 1789 ‚Airieae

71 1846 83 1855 ·
147 1816 300 1885 ileliatttur,
314 1818 508 1889 opponitureae
521 1860 528 1887 ,
542 1819 570 1875 tn
585 1834 638 1893 qua
663 1818 754 1892 fruges
776 1828 901 1879 letuttlur
920 1831 948 1880 ct
961 1810 986 1871 B
1000 1815 1100 1871 suerint
1122 1815 1272 1888 praesidem
1300 1816 1400 1873 elcttitta
1426 1816 1561 1875 Hilariano
1585 1827 1613 1875 ttl
1631 1817 1796 1887 Saturnino,

148 1910 330 1969 excutiuntur.
346 1907 422 1966 otxtt
436 1910 526 1983 itaque
538 1926 593 1985 quo
605 1921 729 1983 tempure
738 1912 829 1969 acrius
847 1913 948 1970 ethnici
999 1906 1144 1965 dirissimis
1158 1907 1370 1967 camulianorum
1396 1909 1557 1981 tortoribus,
1571 1910 1710 1983 subiunxit
1721 1909 1802 1969 Clau·

148 2002 295 2059 sariebant
306 2001 334 2059 in
351 2001 522 2061 Christianos
542 2002 783 2076 acclamabantqne
799 2003 948 2077 negandam
999 1996 1075 2057 tlinm
1088 1999 1291 2057 Herminianum
1304 2000 1479 2074 cappadocie
1503 2002 1668 2074 praelectum.
1682 2002 1712 2061 Si
1733 2008 1794 2075 quls

150 2092 186 2149 ad
197 2094 258 2152 illos
267 2093 437 2167 sepeliendus
449 2110 557 2165 aream,
578 2104 635 2151 tunt
656 2093 753 2151 iisdem
772 2093 888 2152 ethnicis
898 2096 949 2153 de·
1000 2091 1459 2150 tamenabaucturenostrorerum
1472 2092 1579 2151 illorum
1593 2094 1797 2167 inliricacpro·

149 2187 234 2247 luisse
246 2202 349 2246 messes
367 2196 395 2245 et
417 2186 572 2257 frumenta,
594 2202 656 2259 que
670 2186 727 2243 suis
742 2186 770 2243 in
790 2188 863 2245 arcis
877 2195 949 2245 tere·
1000 2182 1158 2241 consulatus
1167 2185 1366 2243 successionem
1377 2184 1498 2243 eslsiberi
1510 2188 1672 2259 probareris,
1687 2188 1712 2246 ei
1725 2188 1797 2246 ltaud

149 2288 219 2338 rent.
233 2280 326 2338 Palam
345 2291 436 2339 autem
459 2282 557 2339 asserit
579 2278 650 2335 hano
671 2279 843 2337 sterilitatem
862 2280 951 2335 couti·
1000 2274 1077 2333 inriti
1091 2277 1283 2335 assentiemur.

148 2373 311 2446 gissemaro
323 2374 477 2432 llilarianus
491 2372 591 2431 traca
603 2388 705 2446 preses
729 2381 800 2429 erat.
823 2372 949 2443 ttqniex
1037 2370 1169 2427 ceterum
1180 2370 1226 2428 ille
1234 2370 1293 2429 lamo
1302 2371 1507 2432 clementiarum
1518 2377 1662 2448 presulum
1671 2378 1796 2451 exempla

150 2466 225 2524 aetia
236 2475 390 2525 sanetmuru
404 2454 553 2539 martyrum
568 2465 752 2537 Perpetueet
776 2463 947 2531 Felicitatis,
1000 2470 1064 2520 ante
1078 2462 1200 2537 Scapula
1220 2465 1314 2523 oculus
1327 2482 1380 2524 non
1399 2468 1479 2525 aliam
1492 2470 1529 2526 ob
1550 2484 1658 2527 oaumm
1681 2474 1793 2544 posuit,

149 2576 210 2632 qrrre
224 2571 352 2634 unquam
367 2560 626 2635 veractgenuina‘a
638 2558 777 2631 pluribus.
796 2572 828 2614 ae
841 2556 949 2614 undem
1000 2556 1054 2614 nisi
1068 2559 1130 2631 quia
1143 2558 1242 2618 antea
1257 2562 1385 2633 presides
1399 2573 1460 2635 post
1471 2564 1551 2638 leges
1571 2565 1802 2623 adversuscltris-

150 2652 307 2710 aBollandi
318 2652 409 2720 sociis,
423 2660 451 2709 et
464 2660 557 2709 nostro
568 2650 739 2709 Tlteodorico
759 2648 891 2708 lluinarto
906 2661 950 2723 ty·
1001 2649 1089 2706 tanos
1124 2666 1140 2707 a
1171 2651 1272 2710 Seuero
1305 2654 1468 2727 imperatore
1520 2657 1637 2715 sancitas
1673 2658 1700 2714 in
1734 2657 1797 2715 illos

151 2746 272 2819 pisedita
291 2755 370 2814 sunt,
391 2744 521 2802 discimus
543 2743 592 2801 inas
614 2744 802 2801 sanctissimas
817 2752 951 2817 martyres
1000 2744 1124 2801 acerbius
1145 2743 1270 2803 iurabant
1295 2756 1323 2803 et
1344 2746 1545 2805 bacchabantur
1567 2747 1650 2823 (laid.
1674 2766 1733 2823 cap.
1749 2752 1797 2822 5).

150 2840 244 2898 bestiis
273 2838 409 2913 expositas
422 2838 505 2897 luisse
515 2838 591 2911 jussu
604 2838 731 2896 llilariani
743 2838 948 2911 procuratoris:
1000 2836 1104 2895 Preter
1119 2838 1244 2909 praelatos
1270 2838 1404 2911 siquidem
1424 2834 1607 2897 Saturninum
1621 2850 1649 2899 et
1674 2842 1790 2899 llilaria·

152 2934 201 3001 Qni
213 2933 374 3001 tanc,sieut
396 2930 433 2989 iot
446 2931 566 3005 legitur,
582 2933 640 2988 loco
662 2930 833 2989 Proconsulia
844 2930 951 2987 atrato
1001 2944 1084 3000 num,
1099 2930 1214 3001 ipsemet
1235 2930 1367 3004 Scapula,
1382 2932 1451 2990 sieut
1478 2943 1573 2992 auctor
1587 2944 1679 2994 noster
1698 2936 1799 2994 ibidem

152 3024 281 3081 Firrniuni
301 3025 415 3097 desunoi
435 3027 483 3100 ius
504 3025 587 3099 clodii
602 3036 737 3098 acceperat
763 3025 898 3099 (Balloniti.
919 3026 947 3082 ¹1.
1000 3023 1176 3089 tastilieatur.
1197 3040 1251 3082 non
1273 3026 1355 3083 modo
1379 3025 1580 3084 Adrumeticum
1601 3027 1737 3086 llavillum
1763 3032 1799 3087 ad

150 3118 260 3193 llurtyr.
272 3137 333 3193 pap.
345 3119 411 3179 ost.
423 3130 447 3178 et
461 3138 529 3195 recu.
552 3120 675 3177 liuinurt.
686 3119 745 3175 alet.
761 3119 876 3191 llormr.
888 3134 948 3187 cup.
1000 3116 1101 3176 bestias
1113 3118 1289 3177 damnaverat
1301 3136 1309 3189 ;
1323 3119 1372 3177 sed
1385 3118 1565 3178 amimalium
1581 3121 1727 3180 cltristiana
1739 3123 1798 3197 ipso

149 3213 194 3271 85.
208 3223 232 3270 et
245 3213 339 3287 tecm).
354 3214 467 3282 Quidam
479 3224 569 3272 autem
583 3223 683 3286 putant
694 3228 741 3270 eas
756 3211 888 3284 martyrio
901 3207 985 3271 co·C
1000 3226 1055 3267 uon
1068 3210 1230 3281 cohibente,
1252 3222 1299 3269 aut
1309 3212 1440 3284 iubente,
1467 3213 1595 3282 olooaia,
1612 3216 1714 3287 inquit,
1730 3218 1800 3287 furto

148 3314 340 3363 rurtamsannn
353 3304 492 3375 mulii,
505 3305 571 3373 20&
585 3307 640 3375 alii,
662 3305 729 3373 205,
752 3317 949 3377 postcummo·
999 3312 1037 3359 eat
1061 3292 1285 3375 concentoribus,
1310 3316 1334 3362 ct
1363 3306 1472 3361 tntilitttm
1497 3308 1661 3364 inimicarum
1696 3326 1801 3367 maman

150 3409 203 3454 tam
217 3398 308 3471 procrd
318 3397 424 3455 dubioa
436 3397 538 3455 Sereno
550 3398 713 3469 imperatore
722 3396 948 3468 persecutionem.
1000 3397 1123 3467 cuiusque
1152 3394 1245 3469 (laid.
1270 3414 1327 3467 cap.
1351 3398 1404 3468 al..
1424 3396 1553 3467 Quamuis
1574 3408 1664 3456 autem
1685 3398 1802 3457 definire

149 3492 188 3547 lle
202 3493 334 3562 Perpetua
349 3490 571 3563 porroaactpse
584 3488 769 3546 Tertullianus
790 3488 844 3544 aliu
867 3488 894 3543 in
915 3488 950 3544 li·
1000 3504 1055 3544 non
1091 3488 1245 3560 possimus,
1281 3505 1335 3562 quo
1374 3488 1478 3562 praelati
1517 3492 1693 3563 proconsules
1732 3507 1805 3549 anno

147 3584 199 3640 hro
213 3584 350 3641 memorie
362 3584 514 3644 mandavit:
528 3583 668 3653 Perpetua,
686 3581 827 3655 {artimino
840 3590 947 3657 asertor,
999 3580 1118 3639 alricum
1133 3584 1269 3651 raterium
1284 3599 1318 3640 ex
1332 3581 1463 3647 itaeteuus
1476 3594 1566 3642 minen
1581 3585 1724 3656 disputatis
1739 3586 1801 3643 col-

148 3676 195 3732 tui
219 3677 260 3732 die
286 3677 412 3751 puadonis
435 3677 463 3732 in
485 3677 636 3732 resolutione
664 3676 779 3746 pnrudiat'
801 3674 872 3744 solos
895 3674 950 3730 illic
1001 3674 1048 3747 ligi
1064 3684 1152 3746 potcst
1165 3674 1237 3732 huuc
1249 3673 1283 3731 ad
1296 3668 1437 3747 Scapulam
1450 3676 1548 3734 librum
1574 3678 1675 3735 editum
1690 3677 1802 3737 luissea

148 3758 415 3845 cornnmrtprea'r'itlit
440 3770 451 3845 i
463 3769 533 3826 Tert.
553 3771 599 3827 to.
626 3771 658 3826 tle
679 3770 768 3826 inim.
796 3784 856 3839 cnp.
890 3766 958 3839 55)ι
1001 3764 1170 3823 Tertulliano
1183 3774 1243 3835 post
1256 3770 1739 3842 commotamaSereruimperature
1752 3773 1803 3829 ad·
1873 3812 1875 3821 ‚

151 3866 284 3923 Diseimns
294 3880 402 3937 utroque
413 3866 449 3922 alr
461 3864 611 3937 augustino
621 3904 629 3931 ,
640 3864 686 3935 quai
701 3862 773 3919 illius
784 3872 812 3919 et
827 3860 951 3917 Felicita·
1003 3872 1097 3915 ret-sus
1110 3856 1278 3916 Christianus
1292 3861 1517 3932 persecutionem.

150 3958 186 4014 tis
198 3959 296 4029 saepius
320 3960 486 4015 mentionem
510 3955 590 4023 iacit.
605 3956 745 4027 contoque
767 3953 865 4012 testum
879 3952 951 4010 diem
1039 3949 1231 4024 {inquirentium
1258 3953 1340 4025 igitur
1361 3964 1486 4025 superest
1511 3966 1599 4015 utrum
1622 3958 1714 4016 statim
1742 3970 1805 4033 post

151 4050 295 4121 quotannis
309 4050 337 4108 iu
352 4050 442 4107 sirica
462 4049 639 4108 celebratum.
661 4047 756 4105 Nonne
771 4055 863 4104 autem
889 4044 953 4102 inde
1003 4045 1149 4101 excitatum
1171 4055 1219 4102 aut
1243 4046 1406 4103 exstinctum
1433 4047 1504 4105 illius
1533 4050 1686 4109 incendium
1712 4052 1803 4111 editus

151 4144 218 4199 satis
227 4143 327 4216 liquido
340 4144 482 4201 coniicitur
498 4144 547 4199 itas
560 4142 587 4199 in
606 4142 696 4199 altien
713 4141 830 4214 palmam
858 4140 953 4197 tulisse
1004 4137 1096 4195 luerit.
1108 4138 1222 4207 Quidam
1237 4149 1326 4198 autem
1340 4141 1571 4212 opinanturillunt
1586 4148 1612 4202 in
1629 4148 1724 4220 vttlgus
1736 4166 1801 4221 pro·

156 4239 294 4313 tatartyrii,
309 4255 370 4295 eum
383 4239 421 4296 ibi
435 4239 587 4295 llilarinnas
600 4237 770 4309 proconsulis
783 4236 873 4293 elicio
891 4234 952 4292 iun-
1003 4234 1088 4289 diissc
1102 4241 1164 4303 post
1175 4248 1274 4289 aurnum
1296 4231 1352 4291 alil
1372 4245 1400 4291 ct
1423 4234 1516 4297 Severi
1533 4238 1704 4308 imperatoris
1729 4256 1803 4298 mor·

150 4342 258 4407 geretur
287 4332 432 4405 (Aupustin.
449 4350 525 4389 seran.
538 4330 593 4390 280
612 4342 637 4386 et
657 4348 726 4405 seqq.
753 4348 812 4405 pop.
838 4330 918 4388 ttrta-
929 4339 954 4385 et
1004 4333 1071 4382 tem.
1087 4325 1266 4383 'Tertullianus
1285 4327 1385 4384 etenim
1401 4329 1438 4386 ilai
1457 4329 1491 4386 de
1504 4331 1640 4401 troadam,
1657 4333 1801 4406 inquiunt,

150 4424 244 4500 genn).
1005 4418 1071 4474 solis
1084 4418 1176 4489 eclipsi
1193 4418 1264 4475 huuc
1277 4419 1397 4491 loquitur
1411 4422 1436 4475 iu
1451 4420 1580 4481 rrroduut:
1597 4423 1644 4479 Sol
1656 4425 1683 4479 in
1693 4440 1805 4480 comerr-

190 4520 288 4576 Postea
306 4517 513 4575 Tertullianus:
532 4515 951 4592 thttiursaurninar,‘inqnim
1006 4521 1035 4567 tu
1057 4511 1180 4578 Uticensi,
1195 4512 1319 4569 exstincto
1343 4530 1406 4585 pene
1429 4515 1542 4584 landae,
1569 4518 1632 4571 adeo
1657 4528 1801 4589 portentant

149 4614 194 4687 qui
211 4614 308 4686 printtu
332 4614 373 4668 ltic
397 4612 511 4687 quatum
534 4614 561 4668 in
586 4630 632 4667 rma
658 4612 725 4686 epit,
748 4612 845 4667 lumina
868 4601 992 4665 aaudtl)
1004 4608 1072 4679 iuli,
1086 4617 1112 4661 ut
1126 4624 1178 4663 nort
1191 4611 1302 4679 putauit
1325 4626 1357 4666 ea
1379 4610 1509 4668 ordinario
1523 4612 1634 4684 deliquio
1661 4614 1708 4669 ltoc
1727 4618 1803 4685 puli,

150 4709 160 4778 l
172 4704 283 4761 Tertull.
312 4706 357 4761 lii.
392 4706 427 4761 nd
453 4705 561 4777 Scapul.
594 4722 652 4776 cup.
680 4705 721 4776 ὅ).
748 4705 785 4759 At
807 4702 953 4760 onneesse
1005 4703 1102 4774 potitur
1116 4704 1143 4757 t'n
1161 4719 1208 4759 auo
1229 4704 1378 4775 lrppaotttuta
1398 4714 1423 4760 ct
1449 4705 1579 4762 donticilio
1594 4704 1676 4779 (illd.
1690 4708 1799 4780 capit).

150 4801 307 4857 existimant
329 4798 429 4856 ,alsien
452 4797 656 4870 proconsulem,
673 4797 719 4869 qui
738 4812 809 4853 anno
829 4795 895 4862 too.
911 4796 953 4851 sel
1004 4794 1041 4848 at
1068 4792 1139 4862 haec,
1166 4794 1318 4865 montilli,
1344 4796 1455 4868 eclipsis
1481 4797 1578 4854 accidit
1606 4812 1678 4853 artnu
1701 4797 1804 4855 Christi

151 4895 220 4953 sieut
233 4896 294 4952 aliis
310 4896 409 4968 placet,
422 4893 478 4951 auo
491 4890 653 4964 Cartltagine
666 4890 808 4963 Speratum
830 4890 954 4960 aliosque
1003 4886 1075 4953 Tio,
1099 4887 1239 4945 undecima
1265 4888 1358 4961 aprilis
1392 4888 1453 4956 die,
1480 4890 1600 4961 luraque
1634 4890 1690 4960 ipsa
1720 4890 1803 4947 meri-

78 4994 83 5003 “
151 4986 451 5060 Solllitanosmartyres
466 4980 954 5057 capiternmnautttanrlactine-
1003 4978 1095 5036 d'mua.
1121 4978 1174 5035 Sed
1201 4978 1261 5036 aliis
1293 4978 1403 5036 omnino
1431 4980 1556 5057 vacillare
1580 4980 1689 5035 ridetur
1716 4989 1802 5037 totum

152 5079 190 5136 ris
205 5081 364 5154 consignata
374 5080 489 5153 legimus
502 5080 529 5136 in
543 5093 636 5135 eurum
653 5076 773 5149 martyrii
785 5077 867 5145 actis,
891 5090 953 5146 qaue
1003 5072 1085 5144 hujus
1106 5072 1242 5145 opinionis
1269 5072 1612 5127 turruarnerrtnrrn.80151nm
1633 5072 1734 5143 quippe
1760 5074 1799 5129 llli

153 5172 534 5243 tanquamreraetsinceraa
557 5170 674 5228 limonio
690 5170 867 5242 primunt,ao
890 5182 954 5225 nos·
1005 5173 1103 5222 nutant
1122 5166 1188 5221 tolia
1213 5162 1546 5236 eclipstm;,rertnltianus
1562 5178 1628 5220 tero
1642 5165 1722 5220 :iliam
1744 5180 1805 5219 onr-

155 5272 198 5321 tro
220 5264 317 5321 deinde
338 5267 471 5323 lluinarto
492 5276 570 5323 aucta
590 5274 619 5322 et
638 5263 799 5329 emendata,
818 5261 953 5340 publicam
1007 5260 1072 5315 niuo
1094 5256 1356 5324 extraordinariam,
1385 5272 1463 5327 quse,
1490 5258 1567 5313 sicuti
1590 5258 1646 5325 ait,
1662 5268 1805 5329 portentum

152 5357 252 5415 errrissa
264 5365 325 5413 sunt
339 5356 463 5415 inluecm
474 5358 554 5429 (Bur.
568 5359 603 5413 ud
614 5374 678 5415 unn.
689 5354 785 5413 comat.
795 5354 859 5421 tot,
877 5354 917 5428 ᾖ
930 5364 955 5411 et
1007 5354 1106 5413 luerat.
1121 5353 1189 5412 Tum
1213 5370 1329 5427 namque
1355 5354 1406 5419 sol,
1426 5352 1523 5425 inquit,
1538 5363 1596 5411 crat
1607 5356 1633 5411 in
1644 5370 1694 5411 suo
1709 5357 1805 5427 lypto-

153 5467 221 5525 seqq.
238 5447 357 5505 llaiaart.
371 5450 429 5505 Act.
441 5447 522 5508 Mart.
537 5470 565 5522 p.
576 5452 611 5507 'll
630 5460 654 5507 et
665 5453 758 5523 trop).
775 5449 852 5519 Quod
864 5459 955 5505 autem
1007 5459 1091 5516 nante,
1121 5448 1148 5507 itl
1176 5458 1232 5513 est,
1260 5448 1434 5515 summitate,
1450 5448 1590 5507 altitudine
1609 5460 1637 5506 et
1648 5448 1799 5506 cactrminc.

153 5543 332 5602 Tertullianus
346 5542 483 5614 subjunxit
501 5542 674 5601 Saturninum
687 5545 802 5617 primum
818 5544 844 5598 in
864 5540 955 5597 iliriea
1008 5544 1066 5601 lloc
1101 5543 1173 5599 onim
1210 5542 1343 5615 sigtritlcat
1390 5542 1500 5599 uerbum
1554 5558 1670 5615 gamenm
1710 5548 1806 5613 opopa.

154 5634 591 5713 pladiuntinCltristianosroiate,
611 5636 646 5691 tat
661 5636 752 5707 procul
767 5634 849 5691 dubio
863 5634 956 5691 sulin-
1006 5629 1085 5687 Nulla
1110 5637 1199 5685 autem
1223 5627 1303 5699 illius⁴⁴
1317 5627 1352 5683 ibi
1384 5627 1462 5698 positi
1485 5628 1544 5685 tert
1568 5638 1657 5701 potest
1679 5626 1804 5699 eclipsis,

155 5730 340 5804 telligcndum,
350 5738 530 5802 posteaquam
543 5728 658 5785 excitata
668 5726 895 5785 luissetaSetero
905 5728 956 5783 im-
1007 5738 1088 5796 quam
1111 5732 1173 5779 tuno
1200 5730 1302 5777 tantum
1321 5720 1441 5794 patitur,
1461 5736 1522 5777 oum
1540 5722 1637 5777 transit
1655 5719 1727 5777 cir-cn
1756 5736 1807 5779 nu-
1924 5780 1927 5785 ,

155 5820 956 5899 paroluroporaaculio.01ttttutttottiturutoextracottlro·
1006 5816 1073 5887 dos,
1094 5815 1140 5891 qtti
1162 5813 1191 5873 io
1212 5814 1342 5875 Dtuuunis
1364 5814 1452 5886 capite
1479 5822 1507 5870 ot
1533 5812 1620 5871 cautla
1643 5824 1801 5873 occurrunt.

338 5922 556 5987 Teasututnr
577 5920 605 5987 l.
1348 5909 1586 5995 (Vinci-clap.)
