4084 6334
172 250 227 317 ιιι
574 236 579 243 ’
740 256 966 321 orsssnreua
983 256 1017 319 o.
1036 258 1081 319 uu
1099 256 1251 321 uuonan.
1769 257 1825 327 ate

172 375 210 431 ita
228 373 368 449 colligitur,
393 374 464 443 apsa
499 374 663 451 praepositam
695 375 831 450 deponitur
855 377 971 453 (lustin.
985 389 1014 451 Λ
1028 376 1138 451 Enisa,
1152 397 1211 453 cap.
1225 381 1269 449 35,
1286 377 1434 457 pnpilli).
1448 380 1518 452 Quin
1534 379 1823 455 etiamCyprlanusad

173 482 282 543 martyr.
298 470 408 542 Δμοίομ.
423 472 451 540 l,
466 487 493 527 ιι.
508 472 543 528 d'l
553 473 574 543 ).
1021 474 1194 549 presbytems
1209 483 1238 534 ct
1251 476 1379 533 diaconos
1389 476 1448 533 buc
1461 477 1570 547 scripsit
1580 478 1713 535 inrecta:
1730 478 1822 547 Quaer-

208 564 238 621 si
260 580 326 637 crgo
343 565 498 622 Tertulliani
521 574 600 625 oetalc
622 567 691 625 lranc
710 569 808 640 stipem
831 578 970 625 menstrua
1021 575 1075 621 tam
1089 566 1124 622 nd
1133 578 1251 640 sumptas
1265 566 1433 642 anagaendoe
1444 568 1497 625 aiae
1507 570 1569 636 illie,
1581 570 1625 643 qni
1639 570 1752 642 pluriora
1762 586 1823 626 uoce

172 665 276 717 mutum
290 660 345 728 die,
369 675 483 733 canaque
504 662 636 720 modicam
650 662 796 720 Christiani
811 664 967 735 erogabant,
1021 659 1106 717 Deam
1130 661 1240 735 consoni
1260 663 1288 717 in
1307 678 1408 718 carcere
1421 672 1484 733 aaut
1496 664 1635 729 constituti,
1660 664 1711 719 siae
1724 665 1757 719 iia
1779 665 1822 735 pai

172 770 264 812 nonnc
286 755 393 811 illorum
408 756 592 813 misericordia
614 765 642 813 et
655 756 783 824 clamitas,
798 772 851 812 non
862 743 968 828 parram,
1020 772 1146 827 pauperes
1170 765 1193 811 et
1219 756 1361 827 indigenter
1374 756 1500 826 lainam,
1525 765 1549 812 et
1568 767 1652 813 tamen
1665 758 1694 812 in
1711 756 1821 815 boariae

173 850 211 905 uti
232 859 311 906 antea
324 851 520 907 annotabamus
544 850 633 922 (sape.
649 867 708 919 cap.
722 849 767 919 ta,
781 860 832 906 art.
853 850 899 921 bl,
916 848 968 903 ln·
1021 858 1193 921 perseverant,
1213 856 1271 921 peta
1290 847 1356 903 nihii
1379 848 1452 915 desit,
1474 864 1642 906 eameanrma
1655 850 1747 918 earnis,
1766 866 1822 922 prate

171 943 273 999 minuta
286 954 314 999 ct
326 942 652 1015 debilitatueratllleque
665 940 824 1015 Cyprianus,
842 940 967 997 ibiano·
1019 943 1123 999 redacta
1151 951 1197 1010 eet,
1220 942 1316 997 illiceit
1340 941 1411 1015 apud
1430 944 1535 999 elericos
1559 945 1696 1001 distributa
1718 954 1822 1016 propter

170 1036 215 1092 bis
236 1036 389 1101 eisarnam
410 1035 570 1105 dissimulat,
593 1037 640 1107 qrri
659 1034 694 1092 de
714 1033 816 1091 duriori
837 1044 968 1091 matrona
1019 1036 1146 1109 ejusmodi
1159 1051 1251 1102 aaran
1270 1046 1297 1091 nt
1310 1035 1430 1091 lrnlrerent
1449 1036 1536 1106 plnres
1555 1037 1623 1092 unde
1635 1039 1670 1092 ad
1684 1038 1821 1093 necessita·

170 1128 323 1186 christianae
336 1129 363 1185 iu
379 1144 510 1201 pauperes
522 1137 550 1185 et
563 1128 677 1186 miseros
690 1130 782 1184 aalma
792 1128 833 1185 sic
846 1142 966 1200 conque·
1018 1139 1056 1185 tea
1066 1138 1089 1186 et
1111 1146 1241 1202 preeaaaraa
1261 1130 1421 1202 singularam
1441 1130 1545 1203 operari
1564 1131 1661 1203 possint
1683 1130 1820 1203 (cpprlnn.

170 1223 256 1278 ritus:
273 1220 399 1293 Locuples
412 1230 436 1277 et
455 1223 525 1278 diues
540 1238 576 1289 ea,
591 1232 615 1277 et
634 1222 789 1278 dominicam
803 1221 932 1278 celebrare
944 1231 968 1277 te
1018 1224 1092 1294 epist.
1107 1224 1148 1297 δ’).
1164 1223 1304 1291 Quomodo
1330 1232 1419 1280 autem
1443 1222 1493 1279 bac
1523 1223 1592 1295 stipa
1617 1233 1644 1281 et
1670 1223 1821 1295 eleemosy-

170 1314 262 1382 credia,
277 1330 334 1386 qnae
344 1315 480 1370 corbanam
492 1316 594 1371 anarrino
608 1332 660 1371 nan
672 1318 789 1386 respicis,
802 1332 860 1387 pute
872 1318 900 1371 in
920 1318 967 1371 do·
1018 1318 1061 1372 nis
1084 1316 1290 1373 necessitatibus
1315 1316 1449 1388 egentium
1486 1314 1697 1372 subueniendum
1728 1324 1818 1384 esset,

169 1407 291 1462 urinianrn
302 1406 358 1461 eine
370 1408 497 1476 scandalo
511 1410 590 1475 uenia,
603 1423 662 1479 paee
675 1418 772 1478 partem
785 1408 964 1479 desaerificio,
1017 1409 1064 1465 sic
1073 1408 1118 1465 ille
1137 1408 1295 1464 constituit:
1325 1406 1400 1474 Quod
1414 1407 1437 1461 si
1450 1407 1583 1479 penariam
1596 1406 1665 1471 tulis,
1690 1416 1714 1461 et
1733 1422 1819 1461 neces·

168 1500 237 1580 gaad
258 1516 355 1573 pauper
373 1500 473 1565 obtulit,
495 1502 575 1557 sande
591 1499 732 1573 (Cyprias.
752 1502 830 1572 tlper.
845 1510 869 1557 et
891 1498 966 1558 Elec·
1017 1504 1118 1557 citatem
1137 1501 1296 1573 paupertatis
1311 1500 1433 1566 obtendit,
1454 1508 1536 1571 potest
1557 1501 1623 1555 inter
1643 1508 1756 1565 aeterua,
1777 1498 1821 1571 qni

168 1608 233 1647 naar.
246 1592 269 1663 ).
298 1592 398 1649 vernn
425 1591 531 1649 tametsi
559 1593 667 1663 quidam
698 1602 762 1649 tunc
791 1594 912 1651 avaritiae
927 1596 966 1650 vi·
1016 1598 1145 1653 alimentis
1158 1594 1282 1659 Ecclesiae
1292 1597 1458 1661 arretinentur,
1478 1594 1556 1666 lrajrre
1567 1595 1673 1665 'peraque
1685 1591 1820 1649 necessitas

169 1684 208 1741 tio
232 1685 369 1758 correpti,
383 1684 483 1741 nullam
494 1700 526 1741 ea
539 1684 582 1741 dic
594 1686 692 1757 stipem
706 1684 876 1754 caarlerrem,
888 1686 965 1743 multi
1016 1691 1156 1763 adjurarem
1177 1690 1199 1745 ιι·
1214 1699 1298 1745 tamen
1314 1690 1492 1744 conterraneis
1505 1685 1698 1759 propellantur,
1713 1684 1758 1741 aed
1776 1684 1820 1738 in-

167 1775 343 1834 nihilominus
357 1780 434 1849 plura
444 1792 507 1850 ⁴non
520 1778 609 1835 solum
623 1790 752 1834 menstrua
766 1779 817 1847 die,
832 1778 879 1835 sed
894 1781 964 1836 sicut
979 1783 1163 1857 praecentibus
1183 1781 1254 1837 cibis.
1284 1778 1380 1854 (idern
1393 1822 1400 1845 ,
1415 1780 1490 1851 epist.
1514 1777 1554 1845 ἵ,
1579 1774 1727 1847 Encruliob
1751 1775 1819 1831 Etim

167 1872 206 1927 ait
229 1870 421 1937 Tertullianum
443 1887 505 1927 cum
528 1872 664 1939 solebant,
690 1872 853 1944 pauperibus
872 1872 965 1929 distri·
1016 1876 1107 1947 itaque
1133 1876 1159 1929 ln
1186 1872 1307 1941 modum,
1329 1886 1442 1943 eamqrre
1463 1869 1498 1927 ob
1514 1884 1635 1925 caussam
1655 1871 1766 1940 pecunia
1791 1867 1818 1923 in

167 1965 274 2022 buenda
288 1966 477 2037 largiebantur.
492 1964 530 2020 lbi
554 1966 693 2021 enimuero
705 1965 751 2022 llle
763 1964 882 2021 declarat
898 1975 965 2022 tan-
1016 1967 1162 2042 synaxibus
1176 1966 1274 2035 oblatu,
1296 1973 1324 2022 et
1344 1965 1414 2035 apud
1428 1963 1541 2019 elericos
1552 1962 1684 2034 deposita,
1702 1961 1753 2028 bis,
1769 1960 1813 2032 qni

168 2069 223 2117 tam
236 2059 318 2116 tuisse
330 2059 401 2115 illam
415 2058 629 2114 Christianorum
646 2058 843 2126 liberalitatem,
858 2058 965 2128 rrtejna·
1017 2058 1147 2119 nominati
1162 2068 1234 2129 sunt,
1250 2058 1431 2131 indigentibus
1443 2056 1663 2114 distribuebatur.
1764 2124 1767 2131 Ι

167 2147 239 2207 aradi
249 2153 289 2208 rel
298 2152 417 2208 erramina
426 2152 569 2208 dilectionis
581 2152 695 2223 operatio
704 2160 791 2205 notans
803 2149 893 2205 nimie
903 2164 966 2219 pro-
1053 2154 1232 2223 Qnamobrem
1244 2150 1424 2208 Tertullianus
1448 2148 1517 2205 lianc
1529 2149 1736 2205 christianorum
1753 2146 1819 2203 olra-

168 2246 213 2305 cul
232 2246 314 2303 dubio
335 2248 507 2319 pecuniarum
522 2244 661 2302 effusionis
683 2245 756 2301 nodie
781 2244 868 2299 inurat
888 2259 966 2313 pense
1016 2251 1135 2317 mntem,
1162 2263 1214 2319 qua
1237 2248 1327 2304 omnia
1346 2253 1563 2319 protocaravos,
1580 2241 1820 2300 replenissimae.

167 2342 302 2415 maedam,
325 2340 452 2398 videlicet
474 2339 588 2414 gentiles
612 2337 787 2412 (Tertullian.
814 2337 963 2410 Apolopet,
1017 2342 1092 2409 baut,
1109 2348 1210 2397 tuntum
1232 2339 1346 2403 extollit,
1361 2345 1488 2409 quarrtnrn
1510 2335 1537 2390 ia
1563 2332 1687 2391 ethericus
1705 2348 1775 2402 eant,
1791 2340 1821 2389 ut

169 2454 228 2509 ιαμ.
244 2436 291 2506 79,
305 2452 333 2509 μ.
347 2433 432 2508 171).
1017 2450 1099 2505 sirprn
1122 2432 1300 2499 ostendimus,
1320 2429 1432 2487 auaritia
1456 2438 1483 2485 et
1507 2427 1653 2499 cupiditate
1675 2424 1819 2483 insatiabili

203 2531 308 2600 Quanta
322 2537 413 2585 autem
426 2537 499 2586 esset
519 2530 565 2585 illa
579 2527 794 2586 Christianorum
813 2527 920 2600 largitio
932 2541 965 2583 ac
1016 2529 1176 2586 dirimentes
1205 2525 1339 2583 inuehitur
1369 2523 1536 2595 (Tertrrllian.
1551 2520 1685 2593 apologet.
1699 2536 1757 2591 cup.
1771 2517 1817 2584 59,

168 2621 344 2679 bencllcentia
357 2637 389 2679 es
405 2622 630 2695 subseqnentibus
652 2620 741 2679 adhuc
754 2634 884 2694 agnosces
896 2618 964 2676 Ter·
1017 2638 1079 2691 pap.
1093 2621 1170 2690 tlt).
1182 2618 1237 2675 Nec
1251 2618 1361 2684 mirum,
1373 2617 1408 2671 all
1425 2614 1480 2681 illc,
1494 2614 1516 2669 si
1532 2614 1566 2669 ab
1580 2610 1732 2667 nominibus
1751 2610 1819 2667 aileu

168 2703 272 2773 tulliani
284 2714 383 2781 uerbis,
395 2715 493 2787 quibus
502 2725 596 2787 aperte
608 2725 745 2772 assereret
755 2730 826 2781 eam,
838 2724 964 2785 tanquam
1017 2714 1105 2771 araris
1132 2728 1183 2770 nec
1206 2710 1351 2769 christiana
1375 2708 1505 2775 religione
1531 2703 1640 2760 imbutis
1662 2701 1820 2758 conuinlnrnr

167 2808 275 2881 pietatis
293 2808 454 2881 depositum,
469 2808 650 2880 dispensatam
664 2808 748 2865 luisse
761 2808 852 2880 eperria·
866 2808 965 2864 alendis
1017 2806 1221 2874 tantaelaaritae,
1231 2804 1269 2859 uti
1282 2803 1308 2859 in
1319 2798 1515 2871 antiqniorlbus
1526 2798 1625 2853 nostris
1635 2794 1782 2861 codicillus,
1792 2804 1820 2851 et

168 2900 363 2972 humandisque,
380 2910 404 2957 et
418 2902 513 2973 pneris,
537 2918 567 2957 aa
590 2901 694 2974 puellis,
717 2918 745 2957 re
766 2918 798 2956 aa
817 2900 965 2972 parentibus
1017 2901 1045 2957 ia
1066 2900 1183 2972 antiquis
1197 2896 1360 2955 editionibus
1376 2894 1564 2964 scriptumest,
1577 2890 1602 2945 in
1618 2900 1714 2960 quarto
1728 2895 1818 2944 auteur

167 2992 303 3061 dentalia,
318 2994 421 3065 p'nnrqne
433 2995 576 3050 dorruelicie
587 2994 699 3074 senibus,
713 2995 773 3051 item
785 2996 965 3067 confraglent
1016 2992 1175 3064 sirrrpliuitcr
1189 2992 1308 3055 ntalarnr,
1321 2987 1368 3045 sed
1383 2984 1478 3042 eodum
1492 2997 1601 3054 semper
1613 2996 1705 3039 sensu.
1726 2980 1818 3053 lligal·

167 3084 190 3140 ei
200 3085 243 3156 qui
256 3084 284 3140 in
298 3087 416 3151 metallis,
430 3086 486 3141 siae
497 3085 531 3141 ad
545 3085 652 3143 rrrctalla
664 3085 794 3152 danrnati,
811 3096 835 3140 et
848 3088 870 3142 si
880 3087 924 3156 ant
937 3088 965 3142 in
1017 3087 1070 3143 tius
1084 3095 1173 3142 tarrren
1183 3092 1275 3139 cantra
1286 3081 1408 3137 codicum
1423 3078 1544 3134 omnium
1558 3074 1638 3146 Tadem
1652 3075 1740 3144 posuit
1754 3090 1817 3130 corr·

164 3176 267 3243 ineolis,
283 3193 331 3233 seu
347 3179 373 3233 ln
389 3178 491 3233 insulas
501 3178 623 3250 relegati,
637 3178 676 3235 uel
688 3181 715 3233 in
725 3178 856 3244 custodiis,
873 3178 899 3234 id
910 3189 999 3273 esec
1016 3182 1125 3246 ciuntur,
1141 3178 1234 3244 idest,
1260 3174 1406 3232 christiana
1425 3168 1542 3226 charitas
1566 3166 1719 3224 conuiuium
1741 3164 1815 3220 lucit.

166 3270 331 3336 carceribus,
345 3270 470 3326 daretaxat
484 3289 516 3327 ex
528 3289 621 3327 caruero
633 3271 683 3328 Dei
694 3282 778 3337 seette,
793 3272 893 3328 alumni
902 3289 963 3328 coar·
1015 3272 1069 3330 Sed
1088 3272 1146 3326 bace
1160 3266 1293 3325 correctio
1319 3265 1418 3322 nulllus
1432 3262 1554 3318 brmatur
1575 3259 1677 3316 codicis
1698 3258 1816 3313 anactori-

164 3364 283 3435 [eerianis
292 3381 346 3419 suu
358 3366 422 3435 fiant
436 3366 543 3440 (lirim),
559 3367 610 3425 boc
620 3377 672 3435 est,
686 3368 840 3425 christianae
853 3368 961 3439 religio·
1015 3375 1080 3421 tate.
1093 3361 1196 3419 llelnde
1210 3376 1275 3416 vero
1288 3357 1324 3413 ibi
1337 3355 1517 3413 Tertullianus
1528 3352 1645 3424 loquitur
1655 3350 1688 3407 du
1699 3348 1816 3405 balerna

165 3458 209 3512 nis
223 3464 381 3525 sectatores,
402 3459 448 3531 qrri
466 3461 503 3516 ob
526 3458 585 3532 cius
606 3462 804 3519 contessionem
819 3462 862 3518 bis
875 3463 963 3535 poenls
1014 3456 1157 3524 alteritate,
1172 3454 1206 3509 ab
1219 3451 1333 3508 ethnicis
1348 3449 1417 3505 adeo
1431 3446 1539 3511 violatu,
1562 3455 1590 3499 ut
1609 3442 1816 3499 christianornm

164 3548 267 3618 allecti,
281 3552 393 3621 pecunia
408 3569 422 3605 a
437 3551 594 3611 christianis
607 3554 755 3611 liberaliter
771 3555 869 3613 collata
881 3556 961 3611 alun·
1013 3550 1135 3614 cartulae,
1164 3545 1261 3618 qulbus
1290 3558 1321 3599 ea
1342 3540 1511 3614 potissimum
1535 3534 1667 3602 alebatur,
1690 3545 1816 3631 tartonam

166 3652 220 3700 tur.
236 3642 416 3715 Qunnrobrern
436 3647 483 3704 ille
504 3662 582 3704 suum
603 3647 637 3704 ad
659 3647 790 3722 llartyres
808 3648 907 3705 librum
921 3649 962 3707 sic
1013 3641 1140 3718 prodigas
1152 3637 1322 3697 irrlamaronl.
1342 3633 1396 3692 Sed
1410 3633 1444 3689 de
1458 3632 1501 3687 bis
1515 3644 1587 3687 nunc
1603 3624 1748 3700 agendum.

165 3738 269 3796 orditur
282 3757 289 3796 a
304 3737 375 3796 inter
388 3743 473 3797 carine
494 3742 626 3810 ulianenta,
644 3741 767 3797 benedicti
780 3752 905 3814 martyres
918 3742 962 3799 de·
1319 3762 1467 3807 nnrrcnnns
1486 3762 1524 3803 m.

163 3831 266 3903 cippati,
281 3849 338 3903 aute
349 3832 417 3889 uadis
430 3843 454 3889 et
467 3834 572 3889 domina
582 3843 661 3889 mater
671 3833 788 3890 Ecclesia
800 3837 833 3889 de
844 3834 961 3891 rabaldus

164 3923 226 3990 snie,
241 3932 264 3979 et
276 3925 370 3997 ungarii
383 3927 476 3996 {sarteas
489 3926 521 3982 de
535 3925 625 3997 aptiae
642 3928 696 3982 ania
707 3926 819 3997 pra'priie
830 3926 857 3981 in
872 3942 960 3982 carce·

163 4030 217 4070 rem
237 4015 437 4082 eubrrainislrnnt,
452 4020 536 4087 capite
552 4018 651 4091 aliqurd
664 4028 688 4073 et
701 4034 719 4073 a
732 4019 815 4083 archa,
828 4019 898 4089 qood
918 4023 961 4090 {u-

163 4110 213 4163 ciot
233 4110 268 4164 ad
291 4111 409 4181 spiritura
430 4128 530 4184 ortoque
553 4111 714 4167 ediscendam
734 4108 839 4186 (ideae,
861 4110 907 4165 til.
925 4112 960 4166 ad

163 4202 287 4275 Merops,
300 4219 357 4273 cap.
380 4203 434 4275 ll.
450 4203 484 4258 bil
510 4203 590 4274 paulo
615 4214 677 4275 post
694 4221 701 4259 ε
717 4204 782 4269 Quas
802 4205 875 4276 joela
900 4212 961 4259 sant
1013 4236 1018 4247 ι

161 4312 222 4351 caro
234 4311 286 4350 non
306 4297 409 4361 urnirtit,
425 4313 472 4367 per
485 4312 575 4351 eneam
595 4296 729 4362 Ecclesia,
743 4307 768 4354 et
788 4314 888 4370 agapen
901 4300 959 4369 fra·
1045 4293 1221 4363 Conpertum
1242 4285 1364 4360 proiectu
1384 4280 1485 4339 ethnici
1501 4278 1634 4335 habehant
1646 4276 1814 4334 Clrrlsllaoos

161 4395 229 4440 trnrn
255 4384 357 4457 (leid,
381 4404 440 4457 cap.
464 4386 514 4458 1).
547 4388 633 4443 Antea
653 4391 718 4443 nero
740 4386 863 4443 lustinus
885 4402 959 4443 mar·
1009 4386 1066 4443 suis
1081 4386 1106 4441 in
1130 4384 1276 4456 synaxibus
1300 4390 1446 4443 coerrassc;
1470 4374 1517 4431 sed
1537 4369 1697 4443 ignorabant
1721 4370 1815 4439 utirpre

161 4490 245 4551 tyna
267 4478 344 4533 nubis
366 4479 499 4547 laudatus,
523 4478 628 4549 dixerut
650 4479 702 4537 bac
720 4480 833 4550 pecunia
853 4495 960 4550 praepo·
1010 4490 1109 4551 orranta
1131 4475 1287 4538 modestia,
1309 4470 1463 4543 frugalitate
1480 4474 1507 4521 et
1530 4464 1628 4536 pictate
1651 4459 1710 4517 hacc
1735 4474 1814 4516 coerrn

160 4574 251 4639 sitnm,
267 4571 337 4644 apud
352 4587 432 4643 epueen
447 4572 532 4628 luerat
546 4572 677 4644 deposita,
692 4574 820 4646 opitulari
849 4578 958 4646 oppansa
971 4612 998 4674 D
1010 4572 1118 4627 condita
1133 4566 1223 4627 luerit.
1242 4566 1411 4637 Quaprarpter
1426 4560 1504 4617 solito
1518 4559 1543 4615 ln
1558 4556 1667 4614 eosdem
1682 4552 1813 4611 Clrristia-
1896 4588 1899 4595 ·

160 4671 202 4723 eei
216 4684 314 4740 χιμις,
330 4671 372 4723 καὶ
385 4673 435 4729 τοῖς
448 4673 490 4723 διὰ
508 4672 572 4725 steen
589 4680 605 4732 a
624 4670 654 4724 ll
678 4676 753 4730 atlas
775 4674 857 4726 elram
879 4676 961 4723 lerna·
1013 4681 1063 4723 nus
1076 4664 1214 4724 effraenato
1237 4659 1330 4717 lurore
1355 4669 1462 4727 semper
1488 4649 1644 4709 inflammati
1666 4663 1673 4701 :
1694 4644 1813 4703 Coennlna

159 4772 250 4832 msere,
263 4765 305 4816 aei
320 4766 371 4821 eei:
383 4766 509 4830 ἰιδισμιῖι
524 4759 586 4826 οὖσι,
597 4764 638 4816 καὶ
650 4766 700 4823 τοῖς
719 4766 894 4832 camariana,
907 4760 959 4816 ain
1010 4769 1121 4825 nostrae,
1142 4757 1228 4834 lnquit
1249 4752 1439 4815 Tertullianus,
1460 4754 1628 4819 preterquam
1647 4740 1749 4797 sceleris
1769 4738 1812 4793 ὑι-

159 4866 242 4925 tinea.
260 4854 389 4927 Orphanis
401 4863 424 4910 et
442 4855 534 4920 adole,
548 4864 593 4909 aas
607 4854 702 4925 laieqai
713 4861 818 4924 propter
830 4854 957 4920 errorbann,
1010 4854 1106 4925 sontes,
1130 4859 1158 4905 at
1174 4846 1295 4920 prodigae
1313 4841 1468 4916 erapillnlrant
1490 4834 1654 4937 (Tertulliani.
1677 4832 1811 4903 Apuloget.

160 4961 206 5007 arat
232 4953 345 5025 allapsam
357 4953 437 5006 aliana
457 4966 575 5006 canaram
587 4962 673 5021 egent,
686 4948 779 5021 quipse
798 4950 825 5005 in
850 4951 958 5005 uinculis
994 4941 1070 5014 'cop
1083 4944 1129 5005 39.
1146 4959 1206 5014 pag.
1215 4940 1292 5011 175).
1304 4936 1404 5011 lluplex
1419 4933 1499 5005 igitur
1511 4926 1689 5029 erathupusce
1701 4937 1812 5027 accusa·

159 5053 239 5112 erant,
265 5054 290 5099 et
315 5060 420 5116 peregre
452 5044 642 5099 aduenientibus
669 5041 811 5114 lrospitilrae
835 5040 956 5113 (dualia.
1009 5040 1090 5099 tionis
1104 5044 1193 5110 capnt.
1215 5035 1251 5091 Et
1270 5032 1386 5105 primurn
1404 5025 1512 5099 quidem
1524 5022 1582 5078 illas
1594 5017 1754 5081 sceleribus,
1767 5033 1811 5073 nl·

158 5138 268 5210 Apolag.
286 5138 313 5208 l,
329 5154 357 5193 a.
371 5137 439 5213 d'l).
527 5154 533 5167 ·
889 5145 892 5152 ’
1009 5135 1108 5189 mirum
1119 5130 1219 5187 irrlunte
1229 5126 1330 5191 occiso,
1342 5137 1374 5179 ac
1384 5115 1518 5175 horrcndo
1530 5114 1621 5171 curnis
1631 5111 1689 5182 ejus
1700 5108 1810 5180 pabulo,

193 5229 276 5285 Nobis
290 5244 396 5301 qaroqne
412 5229 542 5286 Eusebius
565 5229 674 5286 exbibet
692 5229 870 5301 lragmentnna
883 5229 958 5302 epis·
1009 5240 1037 5286 et
1052 5225 1206 5298 turpissimo
1220 5222 1324 5278 incestu
1337 5215 1419 5271 luisse
1432 5210 1555 5269 intumos.
1577 5205 1631 5311 Scal
1645 5214 1728 5260 totam
1741 5202 1811 5261 banc

158 5322 220 5378 tolae
234 5322 353 5396 Dionysii
366 5321 564 5379 Corinthiorum
576 5324 693 5395 episcopi
702 5323 736 5379 ad
748 5324 894 5391 Ronranos,
912 5323 957 5380 ubi
1009 5322 1180 5379 salsissimam
1194 5313 1404 5375 accersatiouem,
1415 5314 1444 5362 ut
1455 5302 1522 5361 lulrn
1534 5299 1694 5401 uidebamus,
1709 5300 1811 5399 hrrctor

157 5415 263 5473 illomnr
278 5418 612 5483 laudatconsuetudlnern,
631 5421 667 5475 ab
690 5412 750 5491 ipso
763 5430 849 5476 ortam
871 5420 958 5477 elrris·
1008 5408 1230 5473 nosterinnditus
1249 5403 1357 5463 euertit.
1386 5400 1505 5456 alteram
1526 5409 1592 5451 teto
1613 5388 1810 5495 plodlsstltlttlls

158 5510 238 5565 tiaoee
250 5511 386 5583 religionis
397 5512 519 5581 cumdio,
532 5521 559 5568 et
570 5511 690 5570 aSotere
703 5514 809 5570 illorum
829 5513 957 5586 episeopo
1007 5506 1222 5567 criminationem
1235 5498 1350 5559 conterit
1361 5494 1430 5552 nuda
1443 5508 1475 5549 ac
1487 5490 1725 5591 serissimaeoeoac
1739 5483 1809 5585 illim

157 5604 573 5676 auctamqunsshristianornm,
586 5604 666 5662 ctiam
679 5607 739 5662 aliis
751 5606 779 5663 in
792 5606 957 5664 urbibusde·
1007 5603 1184 5675 expositione.
1208 5596 1276 5653 Eum
1291 5592 1381 5664 ianque
1401 5593 1555 5644 narrantem
1575 5578 1679 5683 ariadne3
1704 5583 1731 5633 el
1750 5588 1809 5646 0l¹¹⁸

156 5698 287 5769 genitium,
301 5706 330 5755 et
348 5696 381 5755 ud
402 5698 507 5757 metalla
531 5699 717 5759 damnatorum
741 5703 860 5775 inopiam
879 5704 956 5762 vario
1006 5697 1090 5755 verba
1105 5692 1244 5749 nobiscum
1269 5691 1394 5742 accurate
1407 5678 1561 5737 exararinare
1582 5688 1616 5729 ne
1631 5670 1690 5737 trbr,
1703 5680 1806 5741 tlttaesor
1826 5720 1829 5725 .

157 5792 350 5850 beneficiorum
360 5808 460 5888 genere
470 5794 645 5856 sublevabant
657 5796 765 5869 (Ειιιιι.
778 5798 822 5855 tlt.
837 5797 871 5856 lt
881 5798 953 5858 llist.
1004 5802 1087 5866 grase
1098 5787 1143 5849 sit·
1165 5782 1210 5844 Sic
1223 5788 1312 5841 animm
1324 5776 1387 5838 ille.
1407 5772 1484 5832 Gerra
1499 5776 1587 5827 nartra
1601 5765 1632 5823 ele
1646 5763 1747 5823 nonrirre
1760 5778 1808 5817 ra·

1012 3877 1052 3935 De
1063 3877 1123 3932 duta
1137 3875 1164 3930 in
1178 3870 1381 3930 Christianorum
1395 3865 1534 3938 curracibus
1547 3870 1628 3929 wira,
1641 3870 1663 3917 el
1675 3858 1815 3932 proenriaeis

1046 3970 1070 4026 ei
1084 3966 1218 4041 pr·ecilrns,·
1236 3978 1266 4017 ac
1279 3970 1368 4017 cantra
1378 3958 1535 4027 inrpanlentes
1548 3954 1704 4011 ellrnieomna
1717 3954 1815 4009 colurn-

1048 4065 1105 4119 na'ae
1123 4060 1265 4119 ostenditur
1285 4071 1362 4127 quarn
1387 4050 1521 4124 (raegalis,
1545 4049 1628 4105 sobria
1654 4048 1816 4119 rrrodeetaqne

1047 4154 1133 4229 [eterit.
