4084 6334
276 256 330 320 tet
812 260 848 320 th
865 254 1098 323 tehtbtbtthi
1113 254 1381 320 shotocemctttt
1874 256 1937 317 tos

276 384 370 451 partes
381 374 506 437 secandis
523 377 663 435 immutata
681 373 751 435 tottt
762 374 819 435 Nec
832 379 930 435 miram
952 377 1072 450 quidem.
1087 374 1169 439 Atel
1188 375 1283 434 iisdem
1302 373 1464 433 Christianis
1488 372 1577 449 pretio
1598 372 1689 449 al'tqtto
1707 384 1787 432 muts
1802 374 1938 431 vendidit

276 468 421 528 Enimvero
444 485 533 542 neque
553 479 685 537 vetustas,
708 470 928 542 nequcauctoris
945 469 1073 543 dipticas,
1125 470 1271 527 silentium.
1297 468 1333 527 lit
1350 484 1415 527 raro
1439 469 1500 545 qnis
1522 471 1581 527 haec
1602 470 1714 552 crimina
1736 467 1936 543 prodidisset?

274 559 324 617 sed
343 562 454 633 aequitas
476 563 533 618 sola
553 562 626 635 leges
640 560 821 618 commendat.
835 561 912 617 llulla
934 576 1000 618 nero
1022 577 1072 618 un·
1123 559 1183 619 lion
1195 562 1342 619 Christiani
1354 560 1475 634 quidem,
1494 562 1540 635 qui
1558 577 1612 618 non
1635 560 1725 618 minus
1751 560 1932 633 scrupulose,

274 668 356 725 quam
374 654 491 725 iniquior
514 652 574 721 luit,
594 670 675 726 quam
691 653 748 721 illa,
763 669 825 725 quae
840 652 1020 723 Christianos,
1035 654 1071 712 ob
1123 672 1203 729 quam
1223 657 1337 729 gentiles
1358 672 1407 715 sua
1432 656 1559 714 celabant
1580 656 1717 729 mysteria.
1733 654 1826 725 Neque
1839 654 1932 711 etiam

273 760 352 802 suum
371 745 505 804 duntaxat
527 762 638 817 nomen,
654 762 705 804 nec
722 748 812 805 audita
834 761 927 815 causa,
942 746 1070 804 condem·
1121 750 1233 815 ethnici,
1256 750 1301 822 qui
1327 748 1362 806 ab
1382 750 1539 807 eorumdem
1568 748 1782 807 Christianorum
1807 745 1932 805 coetibus

273 842 332 899 nari
342 843 454 914 jubebat
464 842 536 916 (cop.
551 843 593 917 1).
1121 844 1228 915 penitus
1242 842 1430 916 exclusi,quid
1445 844 1521 901 ineis
1533 850 1668 916 ageretur,
1682 843 1753 900 scire
1766 841 1861 915 procul
1872 842 1930 897 du·
2024 842 2025 845 ’

308 933 443 1003 Quantum
454 935 683 993 enimnonmodo
693 950 762 992 nora
772 936 920 1008 etinjusta,
930 935 1070 993 sedetiam
1082 962 1083 967 1
1124 936 1237 994 hicnon
1251 938 1425 1010 perennant
1436 938 1491 1004 isti,
1507 935 1589 1005 lama,
1601 936 1769 1010 inquiebant,
1783 936 1928 993 communi

272 1030 410 1101 tyrannica
425 1028 471 1097 sit,
485 1028 548 1087 inde
559 1029 741 1086 Tertullianus
753 1029 930 1097 demonstrat,
948 1029 1012 1101 quia
1021 1026 1069 1084 ’li-
1121 1028 1184 1089 hoee'
1210 1030 1346 1105 dirum
1367 1034 1439 1088 sent.
1472 1030 1525 1088 Sed
1551 1030 1615 1102 quid
1639 1031 1708 1087 lama
1733 1030 1839 1099 levius,
1862 1045 1928 1101 quae

271 1120 374 1191 herlus,
390 1138 443 1193 quo
457 1131 587 1194 regnante
600 1122 778 1179 christianum
798 1131 900 1177 semen·
918 1134 967 1192 pet·
980 1121 1071 1177 varias
1120 1126 1190 1179 sane
1204 1124 1266 1195 qnia
1289 1126 1402 1195 sehtpct'
1416 1122 1557 1180 oritorvel
1580 1122 1697 1189 invidia,
1720 1122 1763 1179 rel
1777 1122 1851 1191 odio,
1877 1131 1928 1177 ant

271 1216 365 1273 mundi
379 1224 472 1287 partes
488 1215 659 1271 disseminari
673 1215 765 1285 coepit,
783 1214 882 1269 auditis
895 1211 996 1269 Christi
1015 1212 1069 1267 mi·
1120 1216 1291 1289 suspicione,
1311 1225 1358 1273 aut
1379 1215 1447 1273 alios
1465 1215 1618 1288 decipiendi
1632 1216 1789 1288 uoluptate,
1812 1215 1926 1273 mmdiu
2024 1228 2025 1231 ’

275 1309 386 1380 racolis,
400 1325 464 1367 eum
482 1308 596 1367 deorum
612 1324 725 1366 numero
738 1309 821 1365 soluit
847 1308 972 1365 adscribi.
991 1306 1069 1377 Quod
1120 1316 1224 1367 tantum
1236 1318 1403 1381 perseuerat,
1417 1309 1545 1383 quamdiu
1559 1309 1690 1366 meodtur
1701 1309 1773 1381 (cop.
1786 1310 1827 1379 1).
2024 1294 2025 1311 .

272 1404 381 1477 qtnidem
404 1405 468 1472 etsi,
491 1404 618 1461 obstante
639 1412 754 1473 senatu,
778 1418 832 1459 non
853 1402 1012 1474 perfecerit:
1041 1400 1069 1457 in
1158 1402 1239 1472 urget
1254 1400 1436 1459 Tertullianus
1448 1410 1502 1459 mm
1517 1400 1656 1457 horribilia
1671 1414 1732 1457 esse
1747 1399 1793 1457 illa
1805 1397 1926 1473 flagitia,

271 1510 320 1553 sua
342 1506 432 1554 umen
454 1496 602 1568 permansit
622 1496 768 1564 sententia,
797 1504 826 1552 et
854 1493 1069 1551 Christianorum
1120 1504 1176 1553 uta
1190 1495 1298 1553 nemine
1311 1494 1388 1553 credi
1402 1508 1522 1567 uoquarn
1541 1492 1695 1561 debuerint,
1715 1501 1763 1549 aut
1782 1493 1924 1564 miserint

271 1591 473 1648 accusatoribus
483 1588 631 1661 periculum
644 1588 823 1646 comminatus
833 1596 885 1645 est.
904 1584 944 1642 Er
958 1598 1068 1642 succes·
1120 1586 1262 1644 committi.
1283 1586 1469 1645 Sectatoribus
1490 1585 1590 1658 quippe
1603 1585 1661 1642 suis
1675 1585 1823 1642 Christiani
1841 1596 1924 1642 eter-

270 1682 649 1751 soribusautemiliiusllero,
663 1682 783 1739 omnium
793 1681 906 1753 peintus,
920 1680 1066 1750 lteuquam
1121 1694 1185 1735 nam
1206 1676 1363 1737 lelicitatem
1390 1678 1592 1750 promittebant.
1616 1677 1684 1747 Quis
1702 1686 1792 1733 sutem
1811 1676 1840 1733 in
1860 1678 1921 1732 ani-

271 1778 369 1849 impius
392 1777 592 1847 sceleratosque
611 1774 710 1831 bomo!
731 1772 887 1831 Caesariano
910 1771 999 1844 gladio
1020 1770 1068 1825 ad·
1082 1764 1107 1827 B
1120 1772 1252 1829 mumsihi
1263 1771 1383 1837 inducat,
1395 1786 1455 1829 eam
1469 1770 1603 1843 pollicitos
1616 1784 1678 1827 esse
1688 1768 1862 1842 homiui,qui
1877 1770 1920 1825 in·

269 1866 544 1925 rctsusChristiattos
557 1866 672 1925 lerociit.
686 1866 855 1923 Domitianus
864 1862 1070 1932 vero,crudeli·
1119 1864 1220 1923 laniem
1241 1865 1386 1931 occideret,
1410 1879 1509 1936 panem
1534 1862 1689 1921 comederet
1716 1862 1819 1921 recenti
1845 1862 1918 1920 illius

269 1969 325 2017 tate
351 1960 389 2016 illi
410 1975 466 2017 non
487 1960 586 2031 impar,
614 1974 677 2015 com
699 1956 795 2015 eadem
823 1964 975 2021 tentasset,
1003 1968 1069 2011 suos
1120 1960 1251 2031 sanquine
1263 1958 1417 2027 intinctum,
1430 1973 1463 2015 ac
1480 1967 1573 2031 postea
1600 1958 1718 2015 ociando
1743 1958 1849 2016 incestu
1864 1960 1922 2030 pol-

269 2056 324 2111 cito
343 2054 473 2126 repressit
486 2061 608 2113 conatus.
627 2053 670 2109 tto
684 2060 901 2123 utroqueautem
915 2050 996 2121 longe
1018 2048 1068 2105 ab·
1120 2052 1258 2113 lueretur?
1284 2052 1342 2111 lmo
1372 2068 1439 2111 rere
1474 2052 1574 2111 sentim
1600 2066 1720 2125 unquam
1761 2052 1920 2124 persuaderi

268 2148 320 2206 luit
332 2148 437 2207 llarcus
447 2150 582 2214 horedus,
595 2148 642 2221 qui
654 2146 863 2205 christianorum
877 2145 993 2201 militum
1006 2158 1071 2215 pre·
1120 2150 1220 2220 poterit
1241 2148 1300 2206 hate
1319 2148 1354 2205 ah
1372 2148 1495 2216 ethnico,
1512 2146 1681 2219 culpaberis
1698 2155 1727 2202 et
1743 2146 1920 2203 huntanitatis

269 2244 347 2301 cibus
361 2244 506 2316 impetrato
520 2242 652 2299 diuinitus
670 2242 775 2308 imbre,
793 2240 875 2313 jussit
885 2240 914 2296 in
927 2254 1068 2297 cessere·
1120 2241 1217 2312 aliquis
1235 2256 1331 2299 sensus
1348 2242 1394 2309 sit,
1411 2241 1533 2313 potuisse
1546 2240 1615 2299 lteri.
1632 2239 1726 2313 licque
1738 2239 1845 2299 dixeris
1854 2240 1920 2297 reli·

270 2335 328 2391 rius
340 2334 535 2402 animadverti,
550 2335 596 2406 qui
608 2333 709 2390 Christi
728 2342 878 2389 sectatores
897 2340 1068 2389 accusarent.
1120 2337 1208 2408 pionis
1220 2336 1373 2393 christianae
1386 2335 1536 2393 candidatis
1548 2334 1646 2393 laetam
1660 2335 1695 2391 ab
1708 2336 1769 2392 aliis
1781 2334 1919 2395 fraudem

269 2432 356 2486 Antea
365 2427 512 2500 Traianus,
530 2428 603 2485 nulla
614 2428 675 2500 lege
686 2427 946 2499 lata,probihuiteos
959 2426 1069 2498 inquiri.
1120 2430 1186 2500 Quis
1198 2430 1272 2485 cuim
1288 2444 1348 2487 eam
1361 2428 1451 2487 lacere
1463 2428 1575 2501 potuit?
1588 2426 1658 2487 Num
1677 2445 1815 2487 sacrorum
1828 2441 1917 2503 pater,

268 2516 348 2581 Nulla
373 2535 481 2593 quoque
511 2518 644 2578 adversus
672 2518 734 2575 illos
758 2527 851 2575 exstat
874 2518 1068 2590 imperatorum
1120 2530 1167 2577 aut
1186 2521 1254 2577 alias
1274 2536 1291 2578 a
1313 2520 1583 2593 quuedocebauturl
1597 2522 1699 2594 htqno
1712 2522 1819 2579 undem
1841 2522 1916 2591 dolo,

270 2611 569 2686 AdrianiVespasiani,
585 2611 636 2681 Pii,
651 2619 679 2668 et
697 2609 762 2668 Veri
777 2609 830 2678 lex,
845 2610 1000 2681 nullumque
1021 2608 1069 2666 de·
1122 2615 1221 2687 quibus
1234 2615 1376 2686 prestigiis
1388 2628 1438 2672 eos
1449 2614 1548 2673 docere
1560 2622 1667 2686 poterat
1680 2613 1809 2687 quidnam
1821 2616 1859 2673 ab
1877 2616 1918 2687 ip

270 2715 385 2764 cretum.
401 2706 456 2764 Soli
478 2706 569 2779 itaque
592 2706 712 2778 pessimi,
726 2704 895 2777 nequissimi,
908 2719 941 2761 ac
962 2704 1068 2776 impiis·
1120 2711 1159 2767 sis
1177 2708 1211 2765 ad
1234 2709 1400 2765 exsecranda
1423 2708 1469 2765 illa
1500 2709 1615 2767 erimina
1640 2708 1819 2781 perpetranda
1845 2717 1922 2767 esset·

272 2800 335 2859 simi
347 2802 523 2874 imperatores
536 2802 563 2856 in
576 2816 625 2857 eos
637 2799 861 2871 serieruotlcap.
873 2796 913 2869 5).
1119 2800 1274 2874 agendum?
1286 2800 1353 2858 Esto
1371 2810 1473 2870 tamen,
1495 2810 1524 2859 et
1537 2801 1589 2870 lac,
1604 2802 1628 2858 si
1642 2802 1719 2870 velis,
1742 2800 1801 2859 bec
1819 2802 1854 2858 ab
1865 2802 1920 2859 illis

306 2894 375 2952 'lum
394 2895 493 2953 dehinc
510 2894 704 2962 Tertullianus,
723 2902 754 2950 ut
772 2892 888 2950 ethnicis
905 2906 1015 2949 omnem
1034 2905 1070 2947 ex
1119 2896 1203 2955 luisse
1216 2897 1371 2962 commissa,
1384 2912 1432 2953 cur
1446 2898 1552 2969 errotis
1571 2896 1680 2953 tandein
1691 2896 1917 2970 maiesataam,

270 2988 404 3063 majorum
418 2986 549 3045 institutis
569 3002 602 3044 ac
620 2986 726 3059 legibus
747 2986 838 3058 inepte
861 2984 983 3056 litigandi
996 2984 1068 3039 riam
1120 2989 1154 3047 ee
1173 2990 1267 3047 imane
1287 2990 1338 3047 sihi
1352 2988 1423 3045 laeta
1447 3003 1584 3061 nunquam
1603 2990 1754 3061 conquesti,
1769 2988 1798 3046 iu
1819 2990 1918 3046 truita

272 3080 441 3155 praecludat,
467 3079 556 3153 palam
583 3078 694 3137 cuilibet
711 3079 788 3136 breti
811 3078 968 3135 inductione
989 3076 1065 3143 lacit,
1120 3082 1172 3139 sibi
1198 3092 1251 3139 tant
1274 3081 1397 3139 horribili
1417 3081 1540 3139 doctrina
1565 3090 1619 3138 tam
1643 3090 1800 3139 constanter
1824 3096 1918 3140 omnes

269 3174 459 3247 pessumdatae
479 3173 515 3230 ab
534 3172 589 3231 illis
604 3173 689 3231 luisse
701 3170 871 3243 desumpto,
885 3172 999 3239 ambitu,
1011 3149 1105 3227 rintC
1121 3174 1347 3249 perseverarunt?
1365 3173 1501 3246 Numquid
1515 3174 1646 3232 timebant
1658 3188 1693 3231 ne
1705 3188 1737 3232 ea
1751 3175 1914 3247 patelacieu·

275 3266 449 3335 abstinentia,
461 3265 633 3330 diuortiojac
644 3265 717 3323 cultu
732 3263 845 3321 deorum
862 3265 1069 3337 lepes,statuta·
1121 3276 1163 3325 tes
1174 3268 1352 3338 punirentur?
1365 3266 1436 3336 Quin
1460 3268 1517 3324 imo
1535 3265 1705 3324 ethnicorum
1728 3266 1847 3338 qratiam
1868 3266 1916 3323 sihi

270 3373 325 3430 quc
338 3360 495 3416 sacratiora.
505 3358 619 3416 Romani
628 3358 728 3431 quippe
737 3358 863 3415 consules
870 3356 996 3415 Liberum
1005 3371 1069 3413 cum
1121 3360 1185 3417 inde
1205 3360 1421 3417 conciliavissent
1438 3359 1507 3417 :sed
1521 3359 1610 3431 perire
1623 3358 1770 3428 malebant,
1785 3376 1864 3431 munt
1873 3358 1917 3415 nri

270 3452 330 3509 suis
341 3451 479 3525 mysteriis
491 3450 577 3508 Roma
587 3460 668 3523 atque
678 3466 712 3507 ex
727 3458 781 3509 tota
795 3448 881 3518 ltalia,
892 3447 1070 3521 quemadmo·
1121 3454 1169 3509 tob'¹
1179 3453 1335 3509 conscientie
1344 3454 1426 3509 maere
1440 3453 1509 3525 (cop.
1524 3451 1564 3525 8).

273 3543 412 3601 dumPiso
426 3552 456 3601 et
472 3540 615 3611 Gabinius,
635 3542 729 3600 itidem
746 3543 883 3612 consules,
897 3542 1089 3615 Serapidem,¹
1151 3546 1215 3613 Qua
1238 3552 1329 3601 autem
1349 3542 1477 3609 laeilitate
1499 3542 1682 3603 Tertullianus
1691 3542 1863 3603 Christianos
1882 3544 1916 3601 de
2024 3528 2025 3549 ³

273 3636 383 3704 isidem,
411 3648 440 3695 et
462 3637 667 3711 llarpocratem,
691 3654 725 3695 ex
750 3637 882 3709 Capitolio
902 3636 1070 3710 deorumque
1121 3638 1202 3695 tantis
1222 3645 1318 3709 pergat
1337 3637 1506 3705 criminibus,
1530 3636 1625 3694 eadem
1647 3635 1773 3711 prolecto
1802 3636 1920 3695 ostendit

271 3731 347 3789 coria
360 3730 514 3803 ejecerunt,
529 3730 575 3802 qui
590 3729 756 3802 postliminio
766 3729 896 3786 duntaxat
908 3743 924 3785 a
937 3728 1069 3787 Romanis
1120 3733 1236 3807 gentiles
1255 3732 1413 3789 eorumdem
1436 3740 1484 3788 aut
1502 3731 1630 3789 similium
1654 3733 1733 3806 plane
1757 3734 1919 3807 penitusque

272 3831 336 3883 sent
348 3826 475 3883 restituti.
491 3826 611 3898 lienique
621 3824 723 3882 ethnici
734 3838 830 3881 omnes
842 3824 968 3881 nuntium
986 3826 1070 3881 mori·
1121 3825 1256 3883 convinci.
1281 3824 1400 3882 Saturno
1424 3838 1551 3897 namque,
1577 3826 1623 3897 qui
1637 3826 1757 3898 propriis
1778 3824 1841 3882 dliis
1861 3828 1919 3882 suis

273 3918 325 3975 bus
348 3932 512 3990 proamrum
536 3932 648 3975 socrum
668 3918 832 3975 remiserant
851 3916 955 3984 habitu,
983 3916 1069 3987 rictu,
1121 3936 1175 3977 non
1198 3918 1336 3991 pepercit,
1356 3916 1472 3976 iulantes
1497 3918 1531 3975 ad
1557 3918 1674 3991 primum
1711 3934 1797 3992 nsque
1818 3916 1918 3975 ‘liberii

272 4010 418 4079 instructu,
432 4026 526 4078 censo,
541 4021 569 4068 et
583 4012 643 4083 ipso
656 4012 739 4067 etiam
758 4022 895 4067 sermone.
909 4006 1071 4068 Christianis
1121 4010 1342 4086 proconsulatum
1357 4010 1457 4082 palam,
1472 4026 1504 4067 ac
1518 4010 1647 4083 deinceps
1660 4011 1765 4069 occulte
1787 4004 1917 4068 in'ntriea

273 4104 353 4176 igitur
364 4104 464 4161 trustra
478 4104 642 4177 objiciebant
653 4104 839 4161 conculcatam
853 4112 883 4161 et
900 4100 1072 4176 profligatam
1124 4104 1308 4163 immolabant.
1328 4104 1398 4163 Calli
1417 4119 1482 4161 rero
1495 4103 1618 4161 solebant
1637 4106 1754 4178 majores
1770 4115 1836 4161 natu
1848 4104 1915 4161 ller·

274 4208 396 4254 retortam
423 4207 529 4271 patrum
559 4212 670 4255 snorum
698 4199 904 4265 auctoritatem,
927 4212 1007 4270 quam
1028 4198 1072 4269 ip·
1123 4200 1211 4269 eurio,
1222 4200 1304 4257 Tauri
1314 4214 1378 4257 suos
1391 4198 1512 4271 hospites
1524 4198 1627 4268 Dianas,
1640 4198 1756 4256 Romani
1766 4198 1915 4263 becharios,

273 4296 354 4354 simet
368 4306 422 4353 mm
444 4294 584 4365 audacter,
595 4310 676 4369 quam
699 4294 811 4368 impune
829 4291 1073 4367 pessumdederant
1124 4310 1179 4353 non
1201 4294 1290 4351 minus
1313 4303 1403 4350 umen
1423 4292 1559 4364 hominm,
1575 4294 1604 4349 in
1627 4292 1742 4365 publicis
1768 4292 1839 4350 ludis
1860 4290 1917 4349 ioni

275 4388 358 4460 (cap.
373 4388 412 4460 d).
1123 4398 1252 4448 mactare.
1267 4387 1336 4457 Quid
1351 4388 1435 4461 quod,
1455 4388 1502 4445 alii
1517 4402 1570 4444 noo
1592 4386 1690 4445 minori
1706 4385 1868 4445 crudelitate
1878 4388 1918 4443 in-

310 4480 418 4538 'lrinsit
430 4478 493 4537 inde
505 4480 607 4537 huctor
624 4489 718 4538 noster
731 4481 766 4538 ad
779 4479 847 4538 laisa
857 4490 887 4539 et
902 4482 1013 4540 mentita
1028 4482 1070 4539 in·
1124 4484 1242 4541 lantibus
1264 4494 1310 4540 aut
1327 4482 1423 4539 abortu
1442 4482 1634 4555 proripiebant
1651 4482 1752 4549 rimor,
1773 4491 1820 4539 aut
1842 4490 1918 4539 natos

275 4573 356 4631 landa
369 4573 577 4631 christianorum
589 4573 713 4640 crimina,
726 4590 786 4647 quae
800 4575 908 4646 quidem
928 4577 965 4632 ita
980 4576 1069 4643 diluit,
1081 4555 1111 4625 D
1123 4579 1203 4637 morti
1218 4575 1389 4649 exponebant
1411 4589 1475 4633 mox
1496 4574 1611 4633 lutnrae.
1632 4574 1690 4631 lluc
1713 4573 1828 4641 aceedit,
1849 4572 1918 4645 quad

274 4678 307 4724 ⁰⁸
319 4668 392 4739 ῑυῦῡῦ
414 4666 449 4723 ³³)
467 4666 501 4723 ill
522 4674 579 4723 i⁰¹¹1
599 4666 713 4735 alienos,
728 4682 809 4740 (tuam
827 4668 943 4741 sceldes
961 4670 1071 4729 illorum
1123 4688 1178 4734 non
1191 4672 1280 4730 solum
1293 4672 1418 4729 nationes
1431 4669 1567 4742 quaedam,
1581 4668 1810 4741 quemadmodum
1824 4666 1919 4725 Catili-

275 4762 364 4834 reipsa
384 4776 447 4817 reos
460 4758 738 4817 esseerideotissime
756 4760 935 4819 demonstret.
951 4763 1071 4821 Primum
1124 4782 1170 4835 na,
1195 4764 1283 4824 eliuso
1313 4778 1363 4821 stro
1385 4762 1518 4835 sanquine
1542 4760 1632 4819 loedus
1657 4762 1802 4834 pepigere,
1825 4774 1919 4816 nerum

276 4855 349 4911 enim
368 4850 514 4911 Christiani
527 4868 543 4908 a
556 4852 704 4926 loreolam
718 4862 841 4926 tempore
861 4855 1070 4930 infamabantur,
1124 4862 1206 4921 etiam
1227 4858 1335 4932 scytha
1350 4856 1490 4914 hominem
1509 4854 1654 4912 comedere
1675 4852 1842 4911 terebantur.
1857 4852 1919 4909 licl-

276 4945 353 5019 quasi
366 4958 464 5003 carnes
478 4944 562 5004 occid
575 4960 592 5001 a
603 4960 635 5002 se
656 4945 734 5018 pueri
745 4944 832 5003 ferino
844 4960 921 5005 more
932 4960 1070 5020 rorarent,
1123 4955 1194 5013 lone
1208 4964 1313 5025 qnoque
1332 4948 1489 5008 sacerdotes
1501 4960 1551 5005 sno
1563 4946 1797 5005 consecrabantur
1809 4945 1919 5017 saugm-

275 5049 409 5112 aepostea
423 5039 565 5096 exstinctis
577 5052 675 5095 eanum
689 5054 771 5110 opera
785 5039 942 5110 luminibus,
955 5044 982 5098 in
1002 5059 1071 5116 quo·
1124 5064 1170 5117 ae,
1184 5056 1212 5105 et
1229 5044 1401 5117 gladiatores,
1417 5042 1488 5097 sicot
1500 5039 1629 5097 comitiali
1644 5039 1741 5097 morbo
1755 5038 1918 5106 laborantes,

275 5130 344 5189 libet
364 5141 460 5206 stupro
481 5142 511 5191 et
533 5133 639 5190 incesta
657 5131 806 5191 lesdissime
818 5133 1013 5192 volutarentur.
1035 5137 1072 5195 ht
1123 5138 1252 5197 bibebant
1265 5136 1379 5193 aliorum
1399 5132 1580 5191 hominurn-in
1594 5145 1674 5189 arena
1694 5130 1845 5187 occisorum
1859 5144 1920 5185 san·

275 5234 351 5283 certe
362 5225 429 5283 nibil
446 5225 551 5284 lacilius
562 5234 632 5294 erat,
647 5240 727 5299 qnam
739 5225 909 5284 Christianos
923 5237 1073 5299 tantorum,
1123 5232 1244 5306 prinam.
1257 5229 1310 5287 stit
1323 5230 1404 5286 etlam
1418 5226 1444 5281 in
1460 5224 1576 5298 publicis
1591 5224 1755 5297 spectaculis
1766 5235 1863 5279 carnes
1872 5236 1919 5279 co-

276 5318 301 5375 si
314 5334 408 5377 reuera
417 5319 453 5377 ab
462 5320 495 5375 iis
505 5329 736 5392 perpetrarentur,
745 5321 887 5376 eriminum
897 5322 1069 5381 convincere.
1124 5328 1267 5385 madebant
1277 5332 1323 5380 aut
1333 5322 1416 5389 cervi,
1427 5319 1508 5393 quiin
1520 5318 1638 5375 bominis
1649 5314 1919 5389 sanquinejacuerat,

276 5408 330 5470 'lot
341 5414 481 5469 enimvero
494 5412 603 5499 illorum
622 5412 726 5470 inimici
738 5424 768 5471 et
785 5403 877 5471 hostes
891 5430 999 5487 semper
1013 5418 1072 5475 inc·
1124 5428 1172 5477 aut
1192 5418 1260 5491 apri,
1273 5416 1318 5488 qui
1330 5414 1468 5471 hominem
1485 5417 1686 5477 cruentaverat,
1704 5415 1751 5465 aut
1764 5407 1820 5465 ursi
1829 5408 1919 5464 alteo·

279 5512 354 5573 runt,
365 5513 432 5576 quot
448 5502 543 5576 lssdfflb
555 5513 622 5577 quot
635 5504 748 5573 milites,
761 5516 826 5577 l¹¹⁰¹
837 5505 990 5573 d⁰m0⁵iicb
1005 5517 1072 5581 (issoi
1125 5516 1179 5584 los,
1197 5514 1242 5586 qui
1265 5510 1406 5570 ructabant
1427 5508 1515 5564 adhuc
1538 5504 1678 5561 bominum
1696 5502 1724 5559 io
1750 5499 1826 5559 hisce
1850 5498 1918 5555 lndis

276 5611 346 5669 ΝΜ
358 5612 453 5654 wrm
480 5611 588 5663 uxores.
610 5597 667 5654 3⁰¹⁰
684 5607 712 5654 el
730 5598 845 5670 semilis
868 5598 1002 5671 homines,
1026 5603 1073 5674 itui
1127 5604 1325 5667 interfectorum
1355 5604 1470 5661 uiscera.
1499 5599 1619 5679 lienique
1651 5596 1737 5668 magis
1767 5591 1917 5659 horrendo,

276 5688 338 5747 illos
352 5704 461 5765 semper
471 5689 685 5748 insectabantur·
695 5690 790 5749 ttuttns
801 5700 891 5751 umen
902 5707 937 5752 ex
949 5696 990 5752 eis
1000 5704 1075 5755 υυῑυ
1126 5716 1178 5761 nec
1192 5713 1308 5769 unquam
1324 5696 1503 5763 nonnando,
1518 5693 1622 5753 scelere
1636 5686 1813 5747 scienotiam
1827 5682 1916 5741 homi-

275 5778 395 5846 ΜΜ
407 5782 661 5858 Wffltiimr
675 5780 814 5857 millitis
831 5786 921 5851 eliath
942 5787 1073 5864 prodidit,
1106 5774 1108 5784 ’
1127 5793 1170 5857 uis
1188 5790 1380 5869 desistebant.
1399 5786 1546 5853 Christiani
1562 5772 1919 5849 econtraiisthbnrrehaut
