4084 6334
198 236 256 301 405
291 282 294 287 -
895 248 1168 311 looaooeatctis.
1802 266 1856 327 tbd

200 354 353 427 spiritales;
369 369 419 415 nee
439 367 537 419 nomen
558 368 655 415 noriam
677 366 729 417 eet.
753 358 847 419 Sciunt
866 362 1002 423 dannanus
1015 368 1043 431 Λ
1055 368 1095 426 sie
1107 370 1208 426 matitia
1220 371 1348 443 spiritalis
1360 388 1376 430 a
1390 374 1540 447 primordio
1551 378 1687 452 auspicata
1702 383 1785 439 estin
1800 383 1853 441 bo-

200 446 491 520 Pliilosopiii,Socrote
504 450 562 525 ipso
576 449 608 507 ad
624 450 999 531 daemoniiarbitriumciispe-
1053 462 1133 519 minis
1148 451 1369 539 esitiumltaqm
1382 447 1540 539 corporibus
1551 472 1670 544 quidem,
1679 483 1707 531 ει
1719 475 1852 533 valetudi-

200 548 303 597 ctante.
319 540 435 609 Quidni?
450 557 510 599 cuin
529 550 558 601 et
577 543 627 615 ipsi
641 543 805 603 daemonium
824 547 1001 609 adlinsissea
1052 571 1102 613 nes
1124 556 1248 629 infligunt
1270 557 1321 633 (a),
1333 570 1359 619 el
1382 562 1485 635 aliquos
1509 581 1588 623 castis
1609 570 1738 638 acerbos,
1754 572 1853 629 aniate

199 632 317 704 pueritia
341 632 463 705 dicatur,
480 634 692 695 dehortatorium
716 640 793 713 plane
818 657 832 697 a
857 643 928 700 bono
950 644 999 719 (a).
1053 663 1118 705 vero
1132 652 1287 721 repentinos
1302 663 1327 709 et
1341 656 1569 715 extraordinarios
1582 675 1630 731 per
1645 662 1697 717 vim
1711 678 1849 722 excessus.

199 725 345 783 Daemonas
368 728 456 785 sciunt
479 728 586 799 Poetae,
601 732 681 789 ctiam
701 734 796 807 vulgus
817 734 953 793 indoctum
974 739 1000 794 in
1053 742 1177 815 Suppetit
1200 745 1252 803 illis
1271 746 1305 802 ad
1320 757 1459 818 utramque
1478 751 1655 813 substantiam
1670 754 1786 815 bominis
1799 759 1849 817 ad·

198 834 282 876 nsum
304 820 437 877 maledieti
459 820 631 894 trequentes,
659 842 719 883 nam
746 836 773 885 ct
796 828 920 901 salanam
948 831 998 905 (ll,
1030 837 1167 895 ‘eandam
1180 840 1249 897 mira
1276 837 1317 915 (l)
1332 841 1466 900 subtilitas
1483 854 1510 901 ot
1536 848 1721 913 tennitassua.
1737 851 1850 911 linitum

198 912 347 985 principem
372 912 451 987 liujus
473 916 534 975 maii
557 920 681 993 generis,
696 920 810 993 proinde
836 922 869 979 de
894 924 999 997 propria

197 1005 363 1061 conscientia
375 1008 481 1081 atrimae,
493 1008 587 1067 eadent
598 1004 778 1069 execramenti
802 1030 867 1072 noce
883 1032 999 1089 prontin-

200 1101 251 1154 tiat
265 1096 313 1171 (li).
330 1098 446 1171 Angelos
468 1117 575 1175 quoqne
597 1104 677 1159 ctiam
699 1106 775 1161 Plato
796 1122 849 1163 non
873 1111 996 1181 negavit,

199 1189 344 1263 Utriusque
364 1194 478 1251 nominis
503 1204 585 1253 testes
601 1197 643 1254 vel
666 1199 734 1272 magi
761 1212 883 1259 asserunt
900 1202 996 1277 (illc).

198 1284 253 1342 Sed
275 1289 408 1358 nuomodo
424 1289 457 1345 de
471 1292 572 1363 angelis
591 1290 630 1366 (il)
653 1294 810 1365 quibusdam
835 1310 881 1351 sna
901 1308 996 1369 sponte

198 1380 332 1451 corruptis
359 1382 510 1453 corruptior
539 1398 604 1454 gens
636 1386 789 1443 dinmonum
819 1386 855 1461 (ε)
880 1393 997 1448 evaserit

197 1470 323 1527 damiiata
343 1487 358 1526 a
384 1474 437 1528 lieu
452 1489 512 1528 cnm
528 1477 635 1545 generis
653 1479 825 1545 auctoribus,
842 1487 868 1536 ει
883 1496 943 1537 cuin
964 1496 996 1539 co

196 1580 277 1635 qtiein
289 1564 539 1638 diritius-principe
557 1568 591 1639 (f)
604 1611 611 1634 ,
626 1570 695 1639 apud
709 1570 811 1627 litteras
829 1583 937 1628 sanctas
949 1591 995 1630 or-

1051 931 1214 1002 spiritalibus
1221 932 1323 989 viribus
1331 934 1404 1000 lieet,
1414 937 1595 995 utinvisibiles
1607 950 1634 997 et
1642 941 1813 1002 insensibiles
1821 949 1849 1003 in

1050 1022 1147 1079 effectu
1161 1024 1342 1097 potiusquam
1358 1026 1385 1083 in
1400 1038 1459 1083 actu
1474 1044 1523 1085 suo
1536 1013 1701 1104 appareant:
1719 1036 1740 1094 si
1757 1053 1847 1109 poma,

1050 1116 1184 1190 silrnges
1205 1121 1389 1195 nescioquod
1410 1138 1483 1179 aurae
1506 1125 1592 1181 latens
1613 1128 1707 1187 vitium
1731 1131 1756 1185 in
1782 1134 1850 1191 llore

1050 1211 1215 1282 praecipitat,
1232 1212 1257 1267 in
1277 1214 1399 1284 goinune
1412 1215 1566 1283 eiiatilmat,
1584 1218 1609 1271 in
1626 1220 1767 1289 pubertate
1780 1239 1849 1279 con·

1049 1300 1188 1371 vulnerat,
1204 1318 1237 1360 ae
1256 1306 1279 1361 si
1293 1322 1364 1362 caica
1379 1307 1484 1365 ratione
1500 1316 1617 1366 tentatus
1632 1314 1679 1368 uer
1695 1316 1850 1382 pestilentes
1907 1328 1910 1331 ’

1049 1393 1161 1451 liaustns
1174 1411 1238 1453 suos
1251 1398 1366 1457 offundit
1378 1418 1384 1454 :
1398 1399 1493 1457 eadem
1510 1403 1590 1475 igitur
1603 1404 1769 1472 obscuritate
1781 1423 1848 1465 con-

1049 1487 1162 1559 tagionis
1183 1493 1312 1564 aspiratio
1335 1494 1486 1552 demonum
1507 1506 1534 1553 el
1564 1499 1721 1569 angelornm
1752 1503 1849 1564 mentis

1048 1596 1155 1651 vitioque
1170 1586 1337 1664 corruptelas
1349 1586 1402 1658 agii
1415 1587 1550 1645 latoribus
1563 1600 1591 1646 ει
1604 1595 1732 1651 amentiis
1746 1595 1845 1664 laedis,

196 1655 259 1712 dine
271 1657 440 1727 cognoscitur
454 1657 504 1732 (5).
520 1659 595 1716 Ninic
609 1660 643 1717 de
655 1663 810 1734 operatione
821 1680 915 1721 eovunr
930 1668 997 1735 salis
1048 1680 1094 1730 ant
1107 1674 1186 1733 mnis
1210 1676 1365 1733 libidinibus
1382 1693 1443 1735 cnm
1465 1682 1603 1738 erroribus
1618 1687 1698 1740 variis
1711 1704 1718 1751 ;
1732 1703 1846 1757 qnorum

196 1749 247 1804 erit
261 1764 407 1821 exponere.
428 1750 553 1823 Operatio
568 1768 661 1809 eornm
675 1766 717 1810 est
735 1756 852 1812 lioniinis
866 1760 990 1816 eversio:
1008 1757 1032 1819 B
1047 1765 1097 1822 iste
1110 1752 1283 1839 potissimus,
1298 1787 1351 1843 qiio
1367 1772 1433 1840 deos
1453 1773 1518 1831 istos
1533 1776 1618 1847 captis
1632 1788 1659 1834 ει
1673 1779 1845 1837 circumscri-

814 1869 1006 1933 Lectiones
1025 1878 1229 1941 tlalitarlllis.

228 1981 265 2045 (l)
286 1980 381 2054 Wopw.
394 1995 408 2037 s
423 1979 513 2037 nis'n
532 1982 588 2053 Rip.
608 1985 746 2049 haemonam
766 1989 871 2041 coleti:
891 1990 991 2045 Omnes.

193 2046 258 2097 aaa.
272 2050 295 2096 et
305 2044 369 2097 alit:
385 2044 525 2109 lteqnentat
536 2048 659 2100 sannam.
671 2050 721 2101 Sed
732 2065 768 2102 ou.
783 2066 837 2101 nam
850 2061 885 2114 et,
898 2068 952 2115 aaa
967 2058 993 2109 iu

192 2105 355 2222 fficiam.
373 2115 395 2159 ει
415 2108 492 2175 Lttpd.
506 2108 626 2179 leputatur,
650 2124 696 2164 nec
715 2126 865 2179 superuacua
883 2130 927 2169 noc
945 2116 992 2185 eji-

224 2234 263 2297 (²)
279 2207 321 2287 dic
331 2232 385 2285 sod.
400 2231 473 2285 nidd
483 2246 492 2299 ,¹
503 2234 590 2299 alien,
602 2240 673 2289 Pom.
686 2216 796 2305 nliiaire:
811 2241 850 2293 tel
862 2252 993 2306 magonae·

1045 2004 1215 2125 {ffissffsslffl'
1230 2013 1284 2059 eut.
1298 2005 1341 2059 vel
1352 2008 1418 2073 magi
1428 2006 1527 2071 adsunt,
1540 2007 1606 2074 quod
1617 2016 1763 2077 receperant
1774 2010 1841 2079 Rip,

1077 2127 1113 2188 (5)
1131 2126 1197 2179 Ordo
1206 2128 1309 2187 semler.

1077 2188 1113 2253 (l)
1130 2191 1190 2242 llira
1201 2192 1266 2245 abest
1274 2194 1351 2251 Fruar.
1364 2192 1419 2262 εἰς.

881 2346 1157 2408 COMMENTARIUS.

229 2477 993 2557 CAP.llilll.-(a)Deliortatoriiiiii.Planeaboiio.Ubinue

191 2560 270 2612 antea
280 2554 318 2605 sic
331 2552 467 2623 legebatur
479 2563 506 2609 et
520 2554 857 2625 distiiigneliatiir,dicotur.
867 2558 995 2615 beltona-

192 2623 362 2689 toriuniplone
376 2641 392 2677 a
406 2624 807 2699 bonoomnesseiniitpoete.Scd
820 2640 892 2687 rcelc
902 2646 994 2687 enten-

191 2694 475 2769 davitlligposuitipic
483 2698 648 2767 postdicntur
658 2714 772 2766 coniitia,
783 2716 831 2757 iios
841 2702 920 2757 etiarn
929 2712 991 2775 post

191 2766 393 2821 dehortatorium
408 2777 544 2837 pirna-tunt.
560 2770 612 2825 lsie
627 2770 697 2826 enini
711 2774 804 2841 genius
823 2788 870 2829 scii
883 2774 988 2829 dnnion

192 2836 313 2895 Socratis
334 2837 518 2895 celebrabatur
540 2847 568 2895 nt
581 2841 779 2901 deltarlatnrius
802 2844 899 2915 siquid
928 2846 990 2905 titali

193 2908 246 2977 ipsi
257 2908 367 2965 instaret
379 2910 418 2965 vel
432 2923 595 2977 occurreret,
607 2913 662 2968 irno
677 2914 768 2969 ridens
783 2916 868 2985 inanit
881 2914 989 2973 Teutal-

91 3011 99 3025 ι
191 2978 280 3037 llaniis
294 2996 310 3034 a
325 2983 389 3036 loire
403 2997 441 3036 so.
456 2983 541 3053 ipsam
554 2984 834 3057 avertensltaquesic
844 2988 987 3061 distinguo,

192 3050 293 3107 dicatur
303 3052 513 3109 dehortatorium.
531 3054 622 3123 Plane,
637 3073 653 3111 a
669 3056 744 3124 bono,
759 3058 776 3113 i.
792 3073 816 3115 ε.
832 3058 885 3115 iinn
899 3060 991 3117 babuit

193 3124 366 3190 demonium,
377 3124 424 3181 sed
441 3128 511 3196 qtioil
527 3127 599 3187 illnm
619 3128 719 3185 abono
741 3128 937 3187 dehortaretur.
955 3131 990 3189 lta

192 3204 221 3251 τι
241 3193 317 3265 platta
337 3194 451 3265 passim,
466 3205 493 3254 ct
507 3198 554 3253 lib.
573 3200 613 3255 Ad
633 3198 692 3255 Nat.
711 3216 729 3256 t.
748 3200 789 3257 id.
807 3200 906 3269 Plane,
929 3219 992 3275 pao·

192 3266 262 3319 aiam
272 3264 422 3323 ittiicotaoi
433 3278 512 3339 patet,
526 3270 545 3325 i.
559 3286 583 3325 c.
598 3272 670 3337 into,
685 3279 767 3328 inite.
780 3272 870 3343 ltaque
883 3283 913 3329 nt
924 3275 992 3331 bcne

193 3337 315 3396 Leontii.
331 3338 351 3394 l.
361 3354 385 3395 t.
400 3355 425 3395 c.
441 3339 481 3395 ld.
498 3340 551 3397 Sed
565 3342 614 3425 ipsi
624 3359 681 3396 eniti
696 3344 745 3399 sint
756 3346 894 3417 perditores
904 3346 989 3401 ironii-

191 3425 254 3463 siant
265 3450 273 3473 ,
286 3410 402 3466 custodes
417 3422 499 3467 lanien
514 3429 541 3468 se
558 3412 637 3469 uideri
656 3415 758 3481 valant,
773 3426 802 3469 ει
815 3416 864 3487 ipsi
876 3418 991 3473 colaiitnr

192 3489 217 3535 et
243 3478 313 3535 dieas
333 3498 383 3537 noti
406 3482 513 3539 coicitur.
528 3484 617 3541 Possis
641 3486 675 3540 lta
696 3488 775 3541 eliani
802 3488 991 3559 interpungere

179 3550 295 3617 locunt,
311 3551 408 3609 dicatur
420 3556 630 3613 deliortatorinoi.
648 3554 731 3611 Plana
742 3576 757 3612 a
768 3558 842 3615 bono.
856 3559 909 3617 Sed
924 3576 990 3631 aito-

193 3622 389 3695 modorumque
402 3624 448 3684 liat
460 3626 612 3697 distinctio,
629 3628 716 3685 nnllns
731 3630 798 3684 alins
820 3638 907 3757 potest
928 3647 990 3689 csse

192 3708 304 3759 sensus,
326 3712 404 3767 quant
428 3697 473 3755 ille
496 3714 576 3769 quem
596 3714 646 3755 nos
666 3700 799 3755 dedimus.
836 3700 889 3755 lala
917 3712 989 3759 eene

191 3765 363 3823 distinctione
374 3770 501 3839 deceptus
515 3788 530 3827 a
545 3786 610 3827 vcro
629 3772 736 3827 aberrat
750 3773 828 3845 Casp.
846 3772 986 3839 Biirtliius,

191 3838 236 3908 qui
250 3841 445 3915 contemplatus
466 3850 508 3899 est
529 3842 585 3899 lianc
608 3842 688 3899 rerba
708 3844 735 3899 in
761 3843 830 3899 lilii-o
843 3844 911 3900 :lilii
931 3844 985 3903 LV.

190 3923 251 3979 cap.
266 3909 293 3965 5.
309 3910 419 3985 vultune
433 3912 494 3985 legi,
508 3914 706 3971 deliortntoiiimi
719 3932 735 3971 n
748 3915 811 3971 bono
824 3916 895 3989 llipi
905 3917 989 3973 iciant

211 3992 289 4047 oete:
305 3984 379 4039 utita
397 3984 540 4041 innuantur
553 3985 597 4041 illa
615 3986 732 4043 carinina
759 3996 786 4043 ει
807 3988 917 4061 hymni,
940 3990 984 4061 apii
1007 4014 1014 4021 ·

190 4002 324 4138 Kodieqae
334 4064 441 4111 exstant
454 4056 529 4112 istius
543 4058 643 4113 nomini
658 4056 794 4129 inscripti,
810 4068 835 4115 et
849 4060 913 4115 satis
926 4070 988 4119 sunt

190 4134 298 4182 vetusti.
311 4126 349 4183 lle
361 4128 497 4184 Dirinonio
510 4146 573 4186 vero
585 4128 702 4187 Sacratis
718 4128 797 4188 locuti
811 4133 987 4202 sapientiores

190 4198 317 4269 litliniei,
340 4198 406 4254 nibil
419 4200 492 4257 elinil
507 4201 693 4259 intellexerunt
708 4202 759 4259 nisi
774 4204 913 4273 providum
929 4208 987 4273 cjns

190 4269 309 4327 atiiiiium
329 4280 357 4327 et
370 4273 552 4343 perspicacem
566 4274 593 4329 in
609 4272 702 4331 lutaris
715 4274 804 4330 relius.
820 4274 886 4330 tlnic
899 4278 987 4342 δαίμων

189 4346 290 4398 iaderae
312 4354 327 4405 ἡ
347 4354 411 4414 ψυχὴ
424 4346 622 4417 eaiqiieeniiuas
634 4346 735 4403 dieiiion
754 4344 879 4402 dicitura
898 4344 987 4403 Xeno-

190 4423 265 4469 crate
290 4415 454 4485 t‘tiilosoplio
479 4418 549 4487 apud
566 4418 734 4473 Aristotelem
756 4432 785 4472 n.
806 4416 985 4489 Topicormn,

189 4486 234 4559 apii
256 4485 355 4541 iliident
379 4492 507 4557 adlapsi«
526 4489 643 4559 appellat
665 4504 725 4544 enin
752 4489 794 4543 ciii
816 4490 883 4543 bona
909 4504 986 4546 niens

190 4557 358 4627 contigisset.
374 4560 509 4615 Socratica
522 4562 602 4616 otiam
620 4560 748 4631 sapientia
769 4560 885 4615 iinbnlus
904 4558 985 4619 Ettri-

191 4626 268 4695 pides
287 4628 356 4696 apiid
372 4628 508 4687 l'liaonem
522 4646 547 4703 p.
563 4630 607 4687 60.
630 4632 772 4703 Prtigyuni.
793 4640 832 4687 eoi
852 4634 902 4685 iaia
922 4638 986 4701 opos

190 4704 291 4755 edisse
301 4709 356 4755 silv
367 4701 445 4767 diiii,
454 4716 561 4759 trientem
573 4702 789 4757 suuntduvnonani
802 4704 898 4775 cuique.
916 4702 984 4759 lliv.

228 4771 267 4841 (li)
289 4770 358 4827 nim
371 4782 393 4827 ει
412 4774 537 4831 Stilonem
562 4772 727 4829 execramenti
742 4791 800 4829 aare
828 4778 983 4846 pronuntiat.

190 4841 284 4910 Qntot
305 4846 411 4899 Salaria·
423 4846 581 4901 vorabnlnin
598 4846 711 4900 Roitiani
735 4861 850 4917 nnqiiain
871 4862 984 4915 usurpa-

190 4928 255 4969 vere
280 4915 305 4969 in
328 4916 477 4973 maledictis
503 4928 549 4972 ant
570 4917 805 4973 execrationibus!
825 4916 984 4988 Noutiqnain

190 5000 266 5041 sane.
286 4987 339 5042 Sed
375 4989 506 5043 malornm
538 4990 687 5044 daemonum
727 4989 872 5059 principem
906 4992 984 5045 Sata-

190 5071 252 5111 nant
274 5060 501 5129 pronuntiavere,
529 5059 744 5131 pronuntiando,
770 5058 880 5117 dictitant.
926 5060 984 5117 llio.

190 5158 227 5169 -·
254 5128 356 5186 Sensus
387 5132 531 5187 verborum
565 5132 629 5185 milii
666 5132 708 5187 liic
732 5131 835 5187 videtui·
856 5150 863 5189 ι
887 5131 987 5202 Vulgus

191 5214 297 5271 qiioipio
308 5202 363 5272 jam
378 5203 512 5258 indoctum
530 5217 580 5272 pro
593 5202 733 5257 maledicto
748 5204 897 5273 frequentat
911 5202 988 5259 Sata-

191 5288 253 5326 nain
263 5282 396 5328 attolerent
414 5274 491 5343 bnjns
501 5278 616 5345 generis,
631 5272 906 5347 diuinoniorninssseil..
917 5276 987 5330 tnnle

191 5351 253 5415 post
272 5345 371 5417 petieris
393 5344 589 5400 distinctionem
612 5360 672 5399 enin
693 5346 800 5415 optimis
819 5348 904 5417 positi.
921 5348 987 5401 Cain

190 5430 256 5470 vero
275 5416 465 5471 conscientiam
481 5418 578 5472 animae
597 5416 640 5473 liic
660 5417 788 5482 advocet,
808 5417 884 5472 talliis
898 5433 987 5488 perse-

191 5488 238 5559 tpii
253 5502 364 5543 necesse
380 5488 472 5543 baliuil
486 5488 511 5543 in
527 5488 613 5543 libello
626 5489 659 5543 de
672 5484 840 5544 Testimonlo
854 5492 957 5543 Animae
978 5506 984 5543 :

191 5572 252 5628 cap.
276 5574 314 5613 tn.
332 5574 392 5629 tinae
412 5559 520 5630 quidem
544 5562 601 5629 eius
622 5560 703 5615 verlia
716 5576 749 5615 ex
765 5560 815 5615 lioc
829 5562 887 5615 loco
900 5561 986 5617 lucein

191 5630 311 5697 capiunt.
325 5632 393 5687 Sititt
406 5646 470 5688 tero
494 5633 543 5687 tete
564 5630 746 5689 :Daemoniatti
768 5648 842 5687 voras
862 5632 987 5687 imminent

191 5709 237 5755 ant
252 5702 431 5774 iiiiinundilin,
445 5714 488 5759 εει
501 5703 616 5769 riiaiitiii,
636 5712 680 5757 orit
701 5704 851 5770 insolentie,
867 5714 911 5758 ortt
924 5720 988 5776 paa-

162 5804 181 5818 --
191 5786 298 5847 canipae
308 5773 418 5847 inuenta,
431 5790 507 5847 paoni
523 5790 568 5834 noi
581 5776 713 5833 deinoin'is
724 5775 883 5849 depatoiiim,
896 5785 940 5833 ant
953 5776 987 5833 ad

1047 2486 1218 2541 iieerssi'tateut
1244 2484 1298 2540 odii
1318 2486 1502 2556 importunum.
1533 2487 1659 2544 Setaemn
1686 2488 1793 2561 maique
1817 2491 1845 2546 in
1940 2539 1945 2546 .

1046 2557 1115 2612 omni
1128 2558 1303 2624 oneratione,
1317 2568 1342 2613 ει
1358 2560 1553 2628 repatriatione,
1569 2570 1592 2615 et
1605 2560 1769 2625 decertatione
1782 2579 1844 2634 pro·

1046 2629 1169 2692 nuntias,
1190 2645 1266 2698 pacui
1287 2645 1333 2684 uos
1348 2631 1456 2685 dicimus
1470 2633 1575 2689 malitia·
1587 2632 1718 2703 aripatunt,
1741 2643 1793 2689 etc.
1810 2633 1845 2699 Ut

1042 2702 1115 2757 enini
1142 2700 1267 2755 absolute
1293 2698 1378 2762 iiiutns
1404 2702 1564 2759 Clirisiianis
1591 2719 1640 2774 pro
1663 2704 1791 2761 linitione
1815 2713 1843 2761 et

1043 2774 1160 2898 Seiana!i
1172 2774 1207 2827 ita
1222 2772 1265 2827 liic
1281 2771 1446 2828 Tertulliano
1468 2774 1554 2831 Saites
1567 2786 1591 2829 et
1609 2774 1773 2831 Dieiiioiiiimi
1793 2791 1844 2847 pro

1043 2846 1121 2901 malo.
1161 2859 1205 2899 iii.

1078 2917 1117 2987 (c)
1133 2912 1272 2986 Utriusque
1281 2915 1391 2971 asininis
1404 2925 1477 2973 testes
1489 2933 1561 2981 esse,
1574 2918 1614 2973 set
1638 2915 1712 2989 diupi
1731 2916 1838 2976 odiunt.

1044 2988 1107 3043 llaec
1121 2987 1231 3041 omnino
1245 2996 1286 3041 est
1305 2991 1436 3057 scriptura
1455 2988 1557 3045 codicis
1580 2987 1680 3056 antiipii
1704 2989 1838 3045 Puteano·

1044 3076 1120 3121 ritnt,
1135 3072 1215 3128 quam
1228 3072 1289 3114 esse
1313 3070 1379 3128 puto
1400 3059 1533 3115 seriorem
1557 3061 1608 3116 ista
1629 3058 1650 3115 F
1653 3060 1774 3124 uldeiisi,
1798 3059 1838 3115 aet
1873 3074 1876 3078 ’

1045 3133 1113 3215 mapi‘
1133 3140 1258 3185 assernit.
1279 3130 1323 3184 dil
1351 3129 1516 3200 Septimius,
1541 3133 1622 3187 etiam
1638 3130 1791 3189 hominibus
1805 3132 1840 3187 ub

1046 3202 1094 3257 liet
1106 3202 1215 3255 civitate
1235 3199 1330 3257 alienis
1351 3201 1422 3257 liaud
1443 3202 1532 3272 ignote
1546 3218 1607 3261 esse
1620 3204 1766 3270 voeabula,
1782 3204 1840 3259 liae·

1044 3288 1154 3329 inoninn
1179 3279 1207 3327 ot
1244 3272 1410 3340 angelornm.
1436 3272 1595 3341 limnionss,
1621 3274 1725 3342 inipiit,
1751 3276 1840 3331 sciunt

1044 3344 1205 3415 pitilosoplii,
1216 3342 1305 3399 sciunt
1320 3356 1406 3414 poetae
1416 3360 1423 3399 s
1432 3345 1550 3413 Angelos
1558 3359 1664 3417 qnoque
1676 3344 1756 3399 etiarn
1765 3345 1840 3401 Plato

1043 3431 1096 3473 tion
1117 3423 1205 3484 vingit.
1222 3414 1323 3470 beindo
1345 3416 1437 3484 addit,
1454 3414 1598 3486 Utriusque
1619 3415 1735 3472 nominis
1757 3424 1840 3471 testes

1043 3504 1105 3544 esse
1116 3488 1157 3542 rel
1170 3484 1239 3556 llagi
1251 3486 1359 3541 adsunt.
1376 3488 1433 3542 lloe
1445 3495 1502 3552 est,
1513 3486 1612 3543 adsunt
1629 3497 1727 3549 testos;
1742 3486 1841 3551 adsunt

1042 3558 1199 3621 testibmi·i;
1221 3556 1320 3612 adsunt
1337 3557 1492 3613 testimonio
1505 3558 1621 3615 dicundo
1636 3597 1643 3620 ,
1659 3571 1756 3627 nempe
1776 3571 1844 3613 esso-

1042 3640 1069 3685 ει
1084 3631 1223 3685 llaemenas
1236 3639 1262 3683 et
1275 3629 1403 3700 Angelos.
1419 3630 1478 3699 lpse
1491 3644 1550 3699 pap
1560 3644 1617 3698 sco.
1630 3628 1719 3698 llagos
1733 3628 1836 3685 liabere

1041 3702 1106 3758 dicit
1127 3700 1299 3755 iiivitatornm
1314 3700 1476 3771 itiipilornm
1494 3711 1522 3757 et
1537 3702 1692 3759 bumouum
1705 3700 1835 3761 assisten-

1041 3781 1094 3829 tem
1106 3772 1155 3828 sibi
1172 3780 1345 3843 paternalem.
1362 3769 1423 3828 tiva.

1077 3843 1116 3919 (ε)
1135 3842 1175 3899 De
1188 3844 1297 3915 angelis.
1325 3842 1354 3898 lu
1368 3844 1449 3899 stulta
1462 3842 1513 3899 isla
1527 3841 1653 3910 opinione
1665 3842 1714 3898 tuit
1730 3856 1838 3913 otioque

1040 3916 1152 3972 Tertiill.
1168 3926 1193 3970 ut
1215 3916 1313 3984 putarit
1336 3931 1369 3970 ex
1390 3914 1577 3971 coniniistione
1598 3913 1752 3985 angelornm
1774 3928 1837 3969 cuin

1041 3987 1192 4044 bominibus
1206 3992 1285 4041 natos
1296 3985 1449 4054 dmiuonas,
1472 3986 1542 4041 vitale
1558 3984 1692 4046 ititeilccta
1706 3984 1775 4041 Gen.
1790 3984 1835 4041 Vl.

1038 4060 1066 4116 2.
1081 4062 1172 4130 ltaque
1186 4072 1279 4113 rursus
1293 4058 1331 4112 De
1342 4056 1436 4113 lilolot.
1451 4072 1511 4126 cap.
1526 4056 1573 4112 tit.
1589 4056 1699 4131 Anpeios
1712 4057 1771 4112 illos
1784 4072 1839 4113 esse

1039 4133 1178 4187 εεεεειειει
1191 4128 1258 4193 tici,
1274 4140 1401 4185 amamres
1419 4130 1589 4195 [εειεεεεεει.
1603 4128 1757 4191 melantius
1767 4144 1837 4200 qno·

1039 4219 1091 4275 aino
1116 4202 1162 4258 lib.
1177 4218 1207 4257 ii.
1221 4216 1246 4256 c.
1264 4202 1307 4259 te.
1322 4200 1414 4272 ltaque
1423 4198 1482 4255 illas
1495 4216 1554 4255 esai
1566 4200 1709 4257 ttoniinibrts
1721 4216 1833 4259 sommo,-

1039 4286 1142 4341 rautei,
1156 4274 1300 4329 doiiiinalor
1313 4273 1357 4329 iiie
1376 4282 1449 4327 territi
1462 4272 1642 4341 foimeissimas
1656 4272 1838 4329 soiisuetridt'ne

1039 4347 1096 4415 ipsa
1104 4346 1227 4417 paulatini
1239 4346 1274 4399 od
1285 4344 1348 4399 sitio
1356 4344 1469 4415 pellexit,
1482 4353 1506 4397 ει
1518 4343 1651 4401 titulieriuu
1662 4344 1837 4415 coiiprssst'bus

1039 4418 1190 4487 iiipiitiasit,
1206 4424 1258 4472 etc.
1273 4417 1327 4471 Sed
1342 4416 1500 4488 prudentior
1510 4416 1766 4487 Augustinus,quein
1776 4413 1837 4473 vide

998 4472 1139 4545 Dieuiv.
1155 4490 1201 4543 oei
1213 4488 1232 4543 i.
1245 4487 1304 4543 iiv.
1316 4503 1343 4542 a.
1354 4488 1400 4544 aa.

1077 4560 1114 4633 (e)
1130 4557 1198 4615 Geras
1212 4562 1367 4615 denitunam.
1394 4558 1515 4614 Lartaiit.
1528 4558 1593 4615 ibid.
1614 4558 1666 4625 Qui
1680 4568 1762 4615 autent
1775 4563 1837 4611 satit

1039 4649 1071 4688 ea
1087 4633 1126 4687 itis
1140 4633 1281 4702 procreati,
1292 4632 1352 4700 qaia
1365 4646 1445 4702 nepae
1457 4629 1541 4702 anpeii'
1553 4646 1633 4701 neque
1649 4629 1763 4683 iiettiines
1776 4629 1835 4697 [ae-

1040 4714 1108 4771 rutil,
1123 4704 1168 4758 sed
1178 4703 1287 4757 irradiatis
1296 4702 1558 4775 pitanidemnatiirmn
1568 4710 1697 4772 pereites,
1706 4699 1762 4751 'itan
1776 4708 1837 4754 sant

1038 4777 1073 4831 ud
1090 4776 1186 4843 interos
1199 4776 1310 4844 recepti,
1330 4775 1395 4828 siant
1411 4790 1457 4828 nec
1467 4774 1494 4826 iii
1506 4773 1597 4826 eoelain
1608 4781 1723 4841 parentes
1735 4784 1834 4849 εειεει.

1073 4847 1106 4917 (i)
1122 4844 1154 4901 El
1168 4862 1225 4900 euin
1235 4862 1265 4900 eo
1277 4860 1351 4915 patent
1368 4845 1395 4899 d.
1410 4861 1436 4914 p.
1457 4843 1525 4899 Ciid.
1552 4842 1630 4897 nuto.
1644 4852 1667 4895 et
1681 4856 1754 4911 quein
1764 4840 1832 4894 disi·

1037 4935 1092 4973 nitas
1105 4918 1244 4988 prinoipem
1257 4927 1299 4971 εει
1314 4917 1333 4971 i.
1346 4926 1447 4972 sanetas
1460 4916 1522 4969 ordo
1535 4913 1702 4985 sopitoscitiir.
1715 4911 1836 4965 Lactstil.
1876 4977 1879 4984 Ι

1039 5004 1159 5046 rursus:
1185 4989 1220 5043 lli
1243 4999 1301 5044 sitiit
1321 4986 1446 5042 immundi
1467 4985 1588 5055 spiritus,
1614 4984 1758 5048 vitulorum,
1777 4998 1837 5049 piare

1039 5070 1162 5133 partiretur
1182 5069 1312 5129 minores,
1333 5075 1440 5132 qaorum
1450 5058 1517 5111 ideas
1532 5055 1647 5110 diabolas
1657 5066 1694 5109 est
1707 5054 1833 5125 princeps.

1040 5134 1107 5187 irnde
1119 5130 1297 5202 Trimiepistiis
1309 5132 1381 5184 titan
1392 5134 1549 5200 δειμοεάρχεε
1559 5138 1641 5181 uocat.

1075 5205 1115 5275 (g)
1137 5203 1169 5257 ni
1182 5202 1340 5256 valetudines
1359 5201 1488 5272 iiidipiint.
1509 5200 1621 5254 Videtur
1635 5196 1699 5253 milii
1712 5204 1837 5277 spectare

1040 5275 1072 5330 aii
1097 5277 1236 5331 ministros
1259 5274 1398 5344 pnlilicos,
1422 5272 1467 5342 qtii
1494 5274 1606 5341 puniunt
1626 5269 1763 5332 linininrs,
1789 5283 1836 5337 qm

1040 5346 1085 5402 inil
1096 5355 1162 5417 grial
1177 5345 1296 5407 verbera,
1316 5345 1360 5415 titii
1382 5343 1505 5397 boniiiies
1520 5343 1720 5397 eicariiiticant.
1732 5338 1835 5406 Quern-

1040 5419 1185 5473 adiiinilnnr
1218 5417 1335 5472 Joainics
1364 5412 1569 5486 Citrysostoinns
1598 5424 1666 5467 oriit.
1681 5409 1835 5466 dediabolo

1042 5499 1173 5544 levitatote
1186 5498 1262 5543 vocat
1274 5486 1409 5541 diabolum
1421 5500 1506 5551 ipsntn
1520 5489 1645 5553 ἀεεματοε
1658 5488 1752 5551 inpias,
1762 5498 1790 5549 ip.
1805 5480 1833 5563 εἰ

1040 5562 1185 5631 ctiriiificeni
1204 5560 1393 5627 t'iirorporeuitt.
1410 5556 1443 5611 Et
1459 5556 1510 5611 lnic
1525 5559 1568 5611 illc
1583 5557 1688 5611 cotilert
1703 5553 1766 5608 tltinl
1787 5552 1835 5635 liet

1040 5633 1074 5687 ad
1083 5632 1220 5687 diabolum
1235 5637 1297 5699 ipsi
1309 5644 1352 5692 τες
1362 5639 1446 5701 σαρκὸς
1460 5632 1552 5684 αὐτοῦς
1567 5639 1641 5697 inape
1653 5640 1755 5681 coriiain
1769 5638 1834 5694 ejas.

1042 5702 1070 5761 ld
1086 5702 1277 5758 estoonstimo
1298 5712 1326 5759 te
1339 5702 1374 5759 ad
1396 5701 1541 5775 iiillipenda
1565 5701 1675 5757 vulnera
1698 5695 1836 5771 publisuui
1882 5715 1885 5721 ·

1040 5774 1204 5836 carnileein.
1219 5772 1283 5832 Lae.
