4084 6334
222 193 279 317 {ee
928 228 1161 293 ιιιιιιιιιιιιιιι
1816 228 1877 295 ιιι

225 370 283 421 rum
309 358 360 432 (ιι),
379 363 408 415 ct
422 352 581 415 ‘discrimina
602 348 773 424 popularium
798 362 848 422 per
860 348 1021 421 proclivum.
1036 348 1102 411 Ain
1114 344 1258 405 cunabulis
1272 344 1314 419 (5)
1329 346 1356 403 ln
1380 344 1480 406 noculo
1492 344 1676 403 adoleverintt
1699 347 1797 404 exinde
1809 346 1879 406 tito}

225 452 360 511 [lamedra
371 462 478 523 quoqne
492 446 646 505 nominatur
660 446 720 519 ipso
731 445 760 501 in
773 444 896 503 mliactn
909 443 944 499 ad
959 456 1024 501 eoo·
1075 442 1116 499 los
1140 439 1317 515 quorumdem
1330 483 1338 508 ,
1353 440 1451 513 ouibus
1480 440 1632 499 nominibus
1663 453 1876 513 niinciipentnrr

225 562 330 608 sessum
344 547 423 605 ailus.
437 542 531 612 ltaque
543 556 560 597 e
571 540 710 598 centurio
721 537 816 597 inlelix
828 540 874 611 oei
887 538 915 595 in
934 536 1024 608 qood·
1074 536 1173 595 exinde
1186 545 1351 609 apparatus,
1374 534 1471 607 ouibus
1485 534 1723 605 superstitionibus
1736 536 1875 592 instruan-

224 652 332 709 cunone
341 634 485 695 emioilinm
499 632 647 705 impiorum
659 632 812 701 abiaril,et
822 631 850 687 in
862 645 1024 703 quacunque
1076 635 1118 687 tur
1139 648 1147 688 ι
1172 639 1228 686 tam
1252 628 1291 702 (il
1314 629 1394 695 inea,
1422 627 1519 699 quibus
1546 626 1706 699 presidibus
1729 626 1875 685 diceittur:

223 734 265 789 ria
282 738 454 803 peecatorum
476 727 598 792 steterit,
623 734 651 783 et
665 727 693 782 ia
713 738 874 797 utracunque
894 724 1023 781 eatbedra
1075 732 1132 781 tum
1148 724 1189 797 (ii)
1203 730 1285 791 artes,
1298 722 1396 794 quilius
1407 720 1564 777 auctoribus
1577 719 1749 791 definientur.
1765 722 1875 793 Siquid

224 821 341 894 pestium
359 817 472 880 sederit.
499 816 670 875 Gcnmaliter
696 816 798 876 dietum
818 815 1021 888 intelligamus,
1076 830 1109 871 ex
1125 815 1233 872 bisnon
1247 813 1281 870 ad
1305 813 1406 869 idolum
1421 813 1600 883 pertinuerit,
1617 812 1644 869 id
1659 828 1747 885 nopae
1765 814 1798 870 ad
1812 814 1875 872 ido-

224 927 286 970 cnm
301 910 365 983 qnid
387 909 469 967 eliam
491 908 644 980 specialiter
657 908 830 980 interpretari
850 908 931 981 capit.
956 908 1024 964 Nam
1075 907 1229 975 loiatiiam,
1244 905 1377 979 nequead
1393 912 1510 960 nostram
1524 904 1701 976 cierationem
1717 904 1874 977 pertinebit.

225 1014 252 1063 el
266 1002 420 1075 specialiter
428 1000 550 1073 naemu
565 1001 735 1073 pronontiata
744 1001 793 1074 (l),
808 1001 969 1073 generaliter
977 1017 1024 1057 sa·
1391 998 1505 1057 cient
1525 998 1559 1055 v.

225 1078 314 1171 piant
338 1096 406 1153 Cum
421 1096 493 1154 bena
513 1093 790 1153 israelitasadmonet
812 1094 963 1166 discipline.
981 1094 1024 1150 rel
1113 1094 1151 1149 lle
1174 1092 1323 1166 originibus
1344 1090 1454 1163 quidem
1480 1101 1509 1146 nt
1530 1090 1723 1147 secretioribus
1747 1100 1775 1148 et
1800 1092 1877 1164 igno-

225 1191 364 1262 objnrpat,
378 1188 471 1257 ntique
491 1187 526 1245 ad
539 1202 633 1245 omnies
655 1187 736 1243 babet
752 1186 850 1259 (daed.
872 1185 929 1260 lb.)
941 1203 947 1241 ε
961 1200 1023 1242 enm
1078 1188 1112 1243 lis
1133 1200 1217 1257 penes
1239 1184 1331 1257 plnres
1353 1193 1507 1240 nostrornm
1529 1182 1624 1251 nitius,
1641 1198 1692 1239 nec
1712 1182 1821 1240 aliunde
1835 1185 1877 1240 in·

226 1283 345 1357 AEgypto
359 1292 388 1340 et
409 1280 555 1353 AEtliiopiae
577 1280 693 1336 cxiiinm
718 1279 911 1346 comminatur,
927 1278 954 1334 in
966 1292 1025 1333 οιιι-
1075 1277 1261 1351 vestigandum
1277 1275 1324 1333 luit
1339 1275 1391 1348 lili:
1404 1290 1483 1347 qiiam
1499 1274 1534 1331 de
1548 1274 1738 1331 instrumentis
1756 1274 1877 1333 ethnica·

226 1392 288 1433 nem
301 1382 409 1447 genum
422 1374 459 1445 (ε)
474 1375 654 1443 peccatricem
679 1371 846 1442 prejudicat.
865 1368 911 1427 Sic
934 1370 1025 1425 omnis
1077 1386 1138 1428 rom
1152 1370 1194 1443 (6)
1218 1369 1377 1427 litterarum.
1403 1369 1517 1424 Exstant
1530 1368 1753 1438 auctoresmnlii,
1769 1370 1813 1439 qui
1828 1384 1877 1426 so·

225 1483 294 1542 pens
315 1467 450 1537 peccatrix
462 1474 573 1521 uocatur
585 1456 718 1535 dbpptns
731 1471 759 1520 ct
772 1461 907 1533 AEtbiopla
919 1460 977 1536 (la.
990 1461 1026 1518 ll
1076 1478 1126 1536 per
1137 1465 1188 1519 isia
1200 1478 1232 1520 re
1245 1462 1455 1519 commentarios
1477 1460 1629 1517 ediderunt.
1644 1460 1686 1515 tib
1698 1460 1740 1515 iiis
1753 1460 1876 1517 ludorunr

225 1572 250 1617 et
262 1557 348 1632 olibi.)
358 1601 365 1625 ,
377 1574 393 1613 a
404 1557 494 1628 specie
504 1556 536 1614 ad
549 1571 643 1627 penus.
655 1553 886 1623 Quetiiadmedum
896 1555 980 1611 etiam
991 1553 1026 1612 ds
1077 1557 1154 1630 oripo
1166 1558 1206 1614 sic
1216 1556 1330 1613 traditur
1347 1575 1356 1613 t
1371 1554 1460 1628 Lydos
1475 1570 1508 1611 ex
1523 1554 1589 1611 Asia·
1600 1564 1758 1611 transvenas
1772 1556 1799 1611 ln
1821 1554 1877 1611 lle-

225 1651 331 1723 origine
344 1647 560 1720 spectaculorum
579 1660 661 1705 cuine
675 1645 860 1717 spectaculum
878 1644 1024 1701 ecndllmtt
1078 1650 1162 1707 truria
1186 1648 1363 1717 consedisse,
1388 1657 1418 1705 nt
1441 1647 1559 1705 Timaeus
1585 1646 1689 1713 reiert,
1717 1647 1786 1703 duca
1807 1647 1878 1721 'lyr-

226 1751 304 1802 sonat
316 1741 477 1809 iinpiornm,
493 1753 620 1812 agenore
633 1738 668 1795 ad
680 1737 808 1810 speciem.
1037 1722 1063 1784 Β
1077 1743 1183 1811 rbenn,
1199 1743 1245 1814 oui
1269 1740 1344 1798 lrairi
1367 1756 1417 1797 ano
1436 1749 1558 1797 cesserat
1580 1740 1656 1811 regni
1679 1739 1852 1795 contentione
1867 1754 1878 1795 a

529 1829 643 1889 CAPUT
661 1829 707 1889 lt.
1077 1840 1158 1911 igitur
1174 1837 1201 1893 in
1212 1835 1349 1906 iletrnrla,
1363 1836 1433 1891 inter
1446 1842 1561 1891 cererin
1579 1835 1646 1889 ritus
1657 1832 1879 1903 superstitionum

262 1929 302 1987 Ne
327 1927 388 2001 qais
414 1926 599 1999 argumentari
619 1940 671 1983 nos
694 1933 783 1997 putet,
798 1923 833 1981 ad
848 1924 1025 1997 principalem
1076 1942 1187 1987 tnaratn
1209 1929 1363 2001 spectacula
1382 1942 1490 2001 quoque
1513 1926 1653 1999 religionis
1667 1924 1777 1982 nemine
1800 1926 1877 1982 insti-

226 2022 417 2079 nnetoritatem
429 2016 573 2076 coniector
593 2018 680 2090 ipsius
692 2017 823 2088 signaculi
844 2018 940 2075 nostrl.
956 2016 1025 2073 Cnm
1080 2032 1159 2081 tnunt
1174 2040 1181 2079 ι
1196 2022 1259 2079 inde
1268 2020 1382 2078 bomani
1397 2021 1543 2077 accersitos
1567 2018 1685 2075 arilliecs
1704 2026 1877 2088 mutuantur,

226 2129 325 2187 aquatis
359 2112 475 2183 inercml
499 2109 677 2168 christianam
704 2109 785 2167 iidem
815 2109 844 2167 in
870 2108 939 2180 isaia
966 2123 1025 2165 tum
1077 2124 1203 2188 teinpus,
1228 2114 1464 2181 constrictionem,
1490 2123 1519 2168 nl
1533 2112 1589 2169 ludi
1612 2113 1725 2186 abydis
1740 2114 1777 2186 (c)
1800 2128 1879 2170 roca-

226 2206 310 2264 verba
335 2204 512 2277 profitemur,
526 2202 700 2263 renuntiasse
711 2214 762 2258 nes
774 2199 883 2257 diabolo
907 2209 935 2257 et
948 2214 1026 2271 poin-
1078 2216 1181 2263 rentur.
1195 2205 1248 2263 Sed
1263 2207 1314 2262 etsi
1338 2204 1425 2261 varro
1447 2203 1527 2261 iudos
1547 2204 1657 2271 strido,
1683 2204 1708 2259 id
1723 2213 1793 2261 esto
1818 2205 1880 2261 lusit

226 2313 269 2370 pie
292 2295 442 2367 clangetis
468 2295 593 2365 elusere
619 2303 713 2352 nostro
735 2301 930 2353 molestamur.
954 2293 1026 2361 Qliil
1077 2302 1289 2374 interpretatur,
1312 2301 1382 2355 slent
1400 2298 1579 2370 etbupercos
1592 2298 1670 2353 indos
1690 2297 1877 2369 appellabant,

226 2391 280 2449 erit
302 2405 438 2452 summum
472 2404 505 2445 ac
532 2388 571 2460 ili
596 2388 781 2458 praecipuum,
809 2386 838 2443 iti
854 2400 909 2458 quo
928 2386 1026 2443 dtabo·
1077 2391 1281 2466 qundlndende
1305 2391 1473 2457 discurrant;
1503 2399 1595 2447 tamen
1617 2404 1679 2447 enm
1694 2390 1782 2445 bisunt
1801 2390 1881 2462 June:

221 2485 270 2542 ius
297 2492 325 2544 et
350 2498 456 2555 pompe
480 2490 509 2539 et
534 2480 624 2552 anecd
648 2479 708 2551 eiua
733 2490 915 2548 censeamur,
942 2489 1027 2551 enain
1078 2496 1182 2543 numer
1195 2485 1292 2542 diebus
1308 2483 1402 2552 testis,
1416 2496 1443 2540 oi
1457 2483 1584 2554 templis,
1599 2492 1627 2539 et
1647 2482 1820 2553 eletionibus
1835 2496 1880 2539 rc-

227 2574 402 2635 idololatria?
416 2588 516 2645 exona
529 2572 618 2633 omnis
632 2571 787 2630 immundus
800 2581 828 2629 at
843 2586 959 2643 neutram
971 2571 1027 2642 spi·
1079 2586 1164 2649 putat.
1190 2576 1263 2633 ilibil
1284 2577 1341 2649 jam
1362 2576 1397 2632 de
1416 2589 1510 2631 caussa
1523 2574 1664 2639 rocattiit,
1691 2589 1752 2629 cuni
1773 2574 1814 2653 (7)
1838 2574 1879 2631 rei

215 2663 312 2736 'ritns,
328 2676 356 2723 ut
370 2668 406 2722 ita
420 2666 548 2734 dixerim,
565 2665 627 2735 qnia
641 2679 691 2721 nec
704 2664 807 2721 diutius
819 2662 854 2721 de
865 2662 927 2723 bec.
944 2663 1026 2737 lpitnr
1078 2684 1174 2729 caussa
1188 2668 1343 2727 idololotria
1367 2667 1413 2723 sit.
1436 2666 1504 2722 Nam
1524 2677 1552 2722 et
1574 2680 1636 2722 cuni
1656 2666 1809 2735 promiscue
1823 2666 1878 2721 lodi

227 2762 251 2818 si
266 2777 300 2816 ex
313 2759 465 2816 idololatria
476 2759 630 2814 uniuersam
642 2756 859 2828 spectaculorum
873 2767 1025 2828 paraturam
1079 2758 1212 2817 Liberalia
1226 2760 1261 2833 (s)
1275 2768 1453 2825 iocarentur,
1471 2758 1601 2815 bonorem
1615 2756 1707 2813 Liberi
1721 2757 1804 2829 patris
1819 2772 1879 2812 ma·

228 2862 356 2912 constare
380 2851 550 2919 connitere,
578 2850 727 2913 indubitate
747 2844 950 2927 prejudicatum
974 2848 1028 2906 erit
1079 2852 1177 2909 itilcste
1192 2852 1333 2910 satiabant.
1357 2851 1456 2907 Libero
1478 2848 1703 2908 enimarnsiicis
1725 2849 1812 2921 primo
1825 2848 1878 2907 iic-

227 2949 309 3006 eliani
329 2946 363 3002 ad
379 2945 532 3016 spectacula
545 2943 682 3016 pertinere
702 2941 909 3002 renuntiationis
927 2952 1027 2999 nostroe
1079 2946 1144 3002 bant
1156 2945 1191 3003 cb
1211 2945 1372 3002 benelicinm
1386 2944 1457 3015 qnod
1478 2945 1502 3001 ei
1517 2943 1674 3001 adscribunt
1693 2955 1745 3017 pte
1765 2940 1805 3015 (8)
1826 2940 1877 2999 de-

229 3038 413 3096 tesiimouium
443 3037 470 3093 in
484 3038 612 3106 lavacra,
634 3051 695 3109 qiiae
713 3036 821 3093 diabolo
834 3044 863 3096 et
879 3050 984 3109 pompa,
999 3044 1028 3091 et
1079 3052 1227 3101 monstrata
1239 3043 1324 3115 gratia
1347 3041 1413 3098 uini.
1432 3040 1539 3099 Exinde
1557 3040 1613 3099 lndi
1635 3040 1878 3109 consuetudini,

230 3121 333 3206 angelis
345 3132 403 3190 eins
413 3132 646 3205 sintmancipata,
661 3130 766 3189 seilicet
775 3146 823 3203 per
834 3130 1027 3189 idololatriam.
1040 3091 1063 3156 C
1079 3138 1126 3208 qni
1139 3136 1179 3209 (9)
1194 3134 1270 3192 initio
1297 3133 1449 3207 Neptunum
1468 3131 1646 3205 honorabant.
1663 3131 1793 3189 llumdem
1806 3131 1880 3189 enim

227 3225 508 3294 Commemorabimus
522 3224 640 3305 origines
661 3224 850 3297 singulorum,
867 3222 963 3295 quibis
989 3213 1044 3299 (Ξ)
1080 3229 1239 3287 eiconsum
1252 3230 1385 3291 pompant
1399 3228 1468 3301 (ιο).
1484 3226 1588 3287 Dehine
1606 3224 1719 3299 Equitio
1731 3224 1790 3303 (tt)
1803 3222 1881 3281 llarti

844 3347 1035 3409 lectiones
1053 3348 1260 3407 tentandas,

185 3513 188 3516 ,
226 3470 228 3475 ·
260 3462 497 3552 (stantemque.
1048 3452 1056 3461 '
1113 3466 1150 3529 (⁷)
1166 3464 1331 3541 Dinnis,

260 3530 298 3593 (a)
313 3529 508 3603 Aqntbnsinn.
1109 3530 1146 3593 (8)
1162 3529 1289 3602 Proebest
1301 3534 1356 3599 ιιι).

270 3588 574 3721 timene-
1108 3588 1316 3721 itiitere

271 3656 298 3846 ἓξ
314 3716 522 3834 wigbertum}
1112 3718 1151 3785 (1)
1182 3716 1243 3785 Qttls
1258 3670 1385 3787 oddffitp.

904 3866 1185 3973 comburimus.

229 4030 486 4101 exercitationibus,
500 4045 561 4103 pag.
572 4028 637 4087 895.
648 4028 710 4090 ilia·
835 4085 839 4093 ,
1119 4032 1160 4106 (ιι)
1175 4032 1210 4089 tlt
1224 4033 1280 4089 indi
1293 4050 1309 4087 o
1321 4034 1399 4106 Lydis
1410 4040 1572 4089 nocerentur.
1591 4032 1674 4091 Varia
1690 4031 1734 4090 liic
1755 4033 1880 4091 ludorum

265 4102 305 4178 (a)
324 4103 357 4158 Et
371 4104 488 4159 cardines
511 4102 672 4157 balteorum.
691 4100 778 4159 Baitci
798 4102 928 4173 repagula
942 4111 1029 4179 οιιιιιιἸ
1083 4119 1181 4177 genera
1197 4116 1338 4179 enumerat
1355 4122 1416 4176 otim
1430 4104 1489 4163 inse
1514 4122 1528 4159 a
1554 4106 1622 4161 irene
1637 4106 1728 4161 multis
1749 4106 1881 4176 explicata

228 4193 278 4236 seu
292 4176 400 4247 cingula
412 4175 534 4231 coriacea
548 4173 628 4229 bullis
638 4182 744 4237 ornata,
756 4172 853 4243 onibus
864 4172 1032 4245 constringe·
1084 4185 1156 4232 stunt.
1169 4176 1333 4245 Lupercales
1347 4177 1402 4233 indi
1418 4178 1445 4231 in
1460 4176 1591 4232 bonorem
1606 4176 1686 4233 Panis
1699 4176 1814 4245 pririioin
1827 4219 1834 4241 ,
1849 4192 1881 4234 ao

230 4250 329 4307 bantur
341 4247 463 4317 equitnm
481 4259 656 4301 roniannrnm
680 4243 809 4302 subsellio
830 4245 875 4313 tini
899 4246 924 4299 in
947 4260 1031 4303 cauea
1083 4246 1181 4303 deinde
1204 4250 1231 4303 iu
1245 4246 1374 4304 lionfisein
1396 4248 1478 4319 Lepte
1498 4248 1606 4304 litiniitili
1630 4248 1742 4303 nutricis
1765 4248 1882 4304 instituti

227 4318 370 4382 sedebant,
400 4318 459 4375 ioco
479 4314 1032 4390 operto:baiteiautemistibatiiissen
1079 4318 1157 4381 stent.
1176 4318 1309 4375 Liberalia
1325 4320 1350 4374 iii
1367 4320 1497 4375 bonorem
1508 4319 1607 4381 Liberi,
1623 4334 1671 4375 seu
1686 4318 1794 4375 Bacchi.
1810 4319 1881 4374 Con·

212 4392 318 4447 ‘siitnlis
331 4390 490 4459 quibusdam
503 4398 581 4443 erant
592 4387 701 4454 intueti,
716 4402 796 4457 quain
810 4387 915 4442 obrem
931 4388 1031 4444 tlieairi
1084 4392 1178 4455 soatio,
1193 4390 1228 4445 ab
1249 4392 1310 4446 aliis
1322 4391 1378 4447 ludi
1395 4393 1546 4457 circenses,
1563 4392 1731 4445 iniectionem
1753 4388 1879 4460 Neptuni.

228 4464 321 4519 luxum
336 4460 455 4517 indicans
466 4458 630 4515 ‘liremistins
642 4467 712 4513 orat.
727 4459 1070 4533 [intemperiem-1)
1083 4461 1204 4519 Cerealia
1229 4462 1256 4517 in
1282 4462 1411 4517 btiniireiir
1437 4462 1563 4527 Cereris,
1580 4460 1690 4532 Eoniria
1702 4464 1728 4515 iti
1750 4462 1882 4519 bonorem

228 4542 342 4610 pinitus
353 4542 396 4592 τοῦ
412 4540 521 4601 serpso,
534 4526 644 4585 utendas
662 4529 943 4601 peristylomnttlteotri
954 4549 964 4598 ,·
976 4546 1031 4602 nuo
1084 4533 1193 4599 biantis,
1209 4534 1249 4589 sic
1264 4534 1326 4589 dieti
1341 4544 1404 4589 sitiit
1418 4534 1434 4587 li
1457 4533 1511 4588 ludi
1525 4534 1559 4587 ab
1573 4547 1703 4601 etprinruni
1719 4547 1816 4599 etima,
1833 4534 1881 4605 qiii

229 4624 312 4665 seusu
323 4604 421 4663 dicitnr
431 4602 589 4659 mulieiiiiis.
603 4604 670 4658 Ero.
1084 4606 1111 4661 in
1122 4618 1217 4673 canipe
1230 4605 1323 4660 linitio
1338 4604 1544 4661 exercebantur.
1557 4603 1595 4659 La:
1607 4604 1654 4659 Pa.

266 4680 307 4752 (li)
328 4677 456 4732 Noritets
478 4672 591 4731 eciaiiter
604 4672 725 4744 quedam
737 4674 913 4745 prostantium.
926 4674 1031 4745 Regula
1120 4676 1156 4749 (Ι)
1178 4676 1326 4732 Premiseae
1350 4676 1404 4730 ludi
1426 4676 1542 4730 liberalia
1563 4691 1619 4730 aco.
1636 4674 1692 4730 Non
1718 4674 1879 4733 intellexere

229 4693 933 4825 adiiilellecttttngciiptuitnsacraeapptimenliiis.
950 4748 1031 4816 diqni
1083 4747 1155 4803 liitnc
1182 4749 1270 4804 loeium
1294 4748 1338 4817 itui
1367 4748 1461 4803 dixere
1492 4746 1569 4801 lindos
1603 4762 1698 4802 oinnes
1729 4748 1882 4817 promiscuo

228 4823 301 4897 qued
317 4823 381 4877 dieti
397 4820 441 4878 liic
453 4818 589 4884 omnibus,
605 4817 707 4873 dietum
722 4816 793 4889 qttod
806 4816 934 4871 israelitis
953 4817 1030 4873 dice·
1084 4821 1170 4875 elicies
1183 4818 1336 4885 bibenella,
1358 4820 1457 4873 inultus
1468 4827 1548 4881 noto,
1572 4818 1600 4873 in
1621 4820 1714 4889 primis
1736 4818 1880 4873 lleraidnm

229 4897 319 4961 baini,
342 4909 398 4948 non
412 4908 467 4952 utto
488 4895 515 4947 in
529 4891 589 4947 loco
603 4890 741 4945 :innotavit
761 4887 792 4944 B.
809 4886 988 4961 Hieronymus
1003 4889 1029 4945 in
1084 4891 1131 4947 lib.
1146 4906 1166 4957 ι,
1178 4892 1294 4961 digress.
1309 4906 1369 4958 cap.
1381 4888 1427 4945 28.
1443 4888 1508 4944 nibil
1521 4889 1673 4945 absurdius.
1687 4892 1738 4957 bn,
1755 4892 1878 4957 obsecro,

230 4966 407 5038 propinPtu.
831 4974 834 4979 ’
1084 4963 1250 5028 Consimilis,
1268 4960 1540 5030 dqutiia,larpeta,
1567 4960 1879 5043 Robignl1a3dicipotc·

267 5037 304 5111 (ι)
325 5035 358 5091 in
372 5052 471 5092 eiiinent
484 5045 584 5106 petiteni
598 5032 762 5105 peecittriceni
777 5030 939 5102 prejudicat.
955 5030 1033 5089 Hunc
1083 5042 1144 5091 rant
1158 5033 1311 5093 bibentiini
1330 5048 1425 5105 apage.
1442 5032 1497 5087 ilnc
1512 5032 1583 5086 enini
1599 5048 1678 5087 nomn
1699 5032 1782 5095 dixit,
1800 5048 1880 5088 netiio

230 5110 320 5165 locnin
340 5118 436 5165 tractat
454 5109 536 5163 eiiam
561 5106 690 5165 adversus
713 5102 831 5160 ludaeos.
847 5104 930 5161 Sicci
943 5102 1031 5175 AEgy-
1084 5106 1196 5162 audivit.
1218 5106 1270 5173 Qut
1290 5106 1361 5162 istud
1386 5108 1527 5175 imponunt
1546 5103 1728 5169 Tertulliano,
1753 5104 1878 5175 injuriam

229 5190 301 5251 ptus,
327 5180 432 5251 inquit,
468 5193 659 5248 nouiionptoin
692 5184 769 5233 ‘totns
799 5176 872 5233 erbis
906 5175 1033 5249 intelligi·
1084 5179 1186 5235 iaciunt
1213 5178 1313 5233 bontini
1339 5176 1529 5233 scientissimo.
1558 5176 1673 5231 'lantum
1699 5178 1878 5246 promiscuam

231 5264 285 5314 tur,
300 5259 351 5305 etc.
372 5254 431 5308 llio.
1086 5252 1154 5307 bane
1169 5252 1370 5319 usurpationem
1392 5246 1508 5314 nominis
1523 5248 1550 5303 ln
1564 5263 1597 5303 eo
1612 5248 1700 5319 ponit,
1717 5248 1787 5319 tptod
1800 5248 1880 5305 Libe·

269 5321 309 5396 (d)
330 5322 802 5395 ditiusneoniinndeinnestipondnnt
815 5322 873 5393 [nit.
896 5322 943 5377 Sic
966 5319 1027 5379 libii
1085 5324 1170 5387 ralia,
1194 5320 1356 5384 Consualia,
1380 5328 1408 5375 et
1431 5320 1532 5388 reliqua
1559 5318 1729 5391 iiujnsntodi,
1753 5320 1878 5376 dicuntur

230 5395 361 5451 bactenus
382 5396 493 5457 excusi,
517 5394 598 5450 Petrei
619 5394 705 5463 plures
722 5404 866 5448 erectiorem
890 5394 977 5449 ultius.
999 5397 1027 5453 lu
1081 5400 1162 5454 etiam
1178 5396 1301 5451 obsolute
1315 5394 1378 5450 liudi.
1394 5396 1547 5467 ltaquevo'x
1563 5394 1624 5459 isin,
1640 5393 1730 5459 indeo,
1748 5394 1878 5449 miscetur

232 5466 379 5535 exemplari
395 5466 526 5537 dgobardi
540 5468 652 5537 legitur:
667 5466 701 5523 tlt
712 5467 888 5522 secretioribus
900 5478 922 5521 et
936 5470 1029 5539 ipnotia
1081 5469 1205 5524 omnibns
1220 5466 1410 5525 festivitatibus
1423 5468 1619 5535 itlololatricis;
1636 5482 1697 5522 narn
1724 5478 1818 5522 omncs
1832 5466 1878 5525 isli

232 5554 309 5611 penes
323 5537 408 5609 plnres
428 5546 574 5593 riottrorton
585 5540 657 5592 ortis.
672 5536 763 5599 Ferte,
778 5538 853 5603 nctt's,
876 5550 904 5593 tit
929 5540 1028 5604 Roma·
1081 5540 1206 5596 dictinius
1217 5540 1282 5595 todi.
1293 5540 1326 5595 El
1337 5542 1398 5597 ideo
1410 5542 1502 5598 statim
1516 5540 1590 5596 addit
1604 5582 1611 5610 ,
1628 5538 1731 5595 Exinde
1744 5538 1800 5594 latii
1811 5536 1878 5593 Con·

232 5624 329 5671 nomm
355 5610 412 5665 siue
432 5608 578 5666 Gentilium
602 5625 691 5665 rernm
717 5610 853 5679 Origines,
879 5621 939 5666 nete
967 5626 1029 5667 esse
1081 5612 1166 5667 stolio
1181 5611 1261 5678 dieti;
1277 5620 1304 5667 ct
1329 5612 1392 5669 inde
1406 5615 1489 5685 liquet
1504 5628 1557 5670 non
1581 5626 1679 5667 iiaiuen
1694 5610 1779 5664 soloni
1806 5608 1878 5676 ludi,

233 5678 331 5736 dixerit
342 5682 486 5736 secretiora
498 5723 505 5748 ‚
518 5691 545 5736 el
556 5680 691 5751 plerisque
699 5680 908 5737 ciiristiaiiorum
926 5685 1027 5753 ignota.
1081 5684 1130 5739 sed
1144 5698 1201 5740 rein
1213 5682 1388 5756 significatam
1400 5700 1447 5755 per
1459 5685 1548 5741 indunt
1559 5684 1737 5753 mancipatam
1748 5694 1808 5736 esse
1822 5681 1880 5735 dm-

234 5750 405 5809 Sedminime
411 5751 533 5822 displicet
545 5752 649 5824 vulgata
662 5751 751 5821 bado,
762 5752 846 5812 Altina
857 5770 901 5810 nes
912 5753 1027 5812 olinitde.
1082 5755 1224 5827 monibus:
1242 5760 1292 5813 linc
1305 5757 1377 5819 enlin
1399 5757 1513 5829 probare
1526 5754 1709 5813 Tertullianus
1722 5754 1788 5810 init.
1808 5750 1877 5809 Lao.
