4084 6334
240 244 312 311 iiii
627 302 630 309 .
948 192 1187 317 emmonim
1520 244 1530 263 ·
1815 256 1894 327 riri

239 367 267 429 id
278 374 322 427 est
331 372 427 441 nuptas
443 364 511 440 inm,
527 371 556 423 et
578 363 725 439 iiniiluu
737 364 778 441 (a)
805 364 951 427 deiunctts
971 382 1040 427 oon·
1050 370 1080 436 Α
1091 368 1122 443 (ι
1147 368 1223 441 κη,
1234 368 1282 440 ill,
1297 366 1351 444 dl.
1364 373 1397 430 el
1409 367 1508 445 r‘egiri
1519 369 1644 446 perinde
1658 370 1802 446 linquitur
1823 389 1895 449 ergo

240 460 425 535 cirpisccntin,
445 458 497 515 nisi
511 459 534 515 si
548 471 602 515 nori
616 459 680 517 licet
693 467 721 517 et
734 458 852 532 virgines
865 461 958 533 speeie
968 476 1039 535 prn-
1091 476 1145 521 ttne
1158 461 1278 521 conditio
1288 464 1385 537 cupitis
1396 466 1556 537 delimatur,
1569 480 1624 525 trra
1636 474 1667 523 et
1685 466 1829 541 disciplina
1840 482 1892 525 ea·

239 564 322 625 stare,
333 564 361 611 et
372 562 508 611 amatores
519 552 651 611 inienirel
659 553 715 611 imo
727 552 929 627 videmusquod
938 552 975 628 (d)
984 570 1040 613 non
1090 554 1154 626 pitis
1166 555 1293 631 erigitur,
1302 558 1385 615 miani
1394 557 1429 615 ad
1442 558 1707 633 meminensque
1719 562 1834 633 imerii
1844 562 1894 622 de·

239 649 356 721 virgines
370 646 454 731 solas
464 648 666 719 concupierint.
681 662 744 703 cum
756 646 829 706 dicat
850 648 990 720 Scriptum
1006 650 1040 719 fi·
1089 644 1219 715 leonina
1234 647 1323 720 primo
1336 652 1410 707 enini
1422 650 1530 723 genneo
1537 654 1676 711 nominata
1687 655 1798 715 est-bic
1808 654 1892 716 deni·

238 742 287 799 li'or
300 742 432 800 dominnm
450 739 540 813 (Gen,
553 739 597 797 li.
617 739 670 813 κ),
684 742 747 813 quia
769 742 857 813 potuit
868 756 967 799 uxores
986 740 1038 798 bo·
1089 757 1143 813 que
1156 751 1185 799 et
1197 742 1279 800 lsrael
1292 744 1329 816 (e)
1336 744 1476 802 observat.
1494 744 1550 803 Sed
1562 746 1588 803 si
1601 762 1655 803 nori
1669 748 1707 820 (l)
1720 747 1891 820 observaret,

239 838 342 897 minum
356 838 521 906 nominasse,
540 836 583 895 iel
596 836 722 895 loniniiias
737 835 932 893 indifferenter.
947 835 1038 895 Etiam
1089 844 1182 892 nostra
1205 835 1250 893 les
1271 836 1399 908 ampliata
1413 846 1495 910 atque
1508 838 1631 910 suppleta
1655 837 1813 899 detenderet
1835 840 1893 899 sibi

238 932 310 1015 quod
322 932 370 1000 nil,
381 931 417 986 iii
426 938 576 1004 occeperunt
587 930 636 988 riti
651 931 678 985 iii
686 945 780 985 urerer
794 928 890 1003 (itio.)
899 928 925 987 iii
934 929 1040 987 eolatlt
1088 927 1441 1003 adjectionemlllrgiuibus
1453 946 1563 1004 gnome
1573 932 1698 1003 injiciens
1706 934 1892 993 relmentttrn

238 1024 309 1099 quod
324 1023 492 1097 accipiuntur
505 1024 532 1081 iii
547 1037 656 1091 utores,
672 1037 732 1095 quae
751 1031 849 1079 uacant
859 1004 982 1079 ¹seilicet.
998 1021 1038 1079 lle
1087 1030 1245 1078 excusetur.
1256 1020 1335 1079 llonc
1346 1030 1422 1091 otas.
1438 1022 1479 1095 (q)
1488 1039 1549 1095 qiiee
1560 1039 1657 1081 sesnin
1668 1040 1748 1084 suuni
1761 1027 1893 1099 ignom

238 1134 292 1177 non
305 1118 462 1175 vacantibus
485 1126 574 1173 autem
600 1117 681 1173 aliter
700 1116 877 1173 enuntiasset.
890 1113 982 1187 linque
996 1112 1035 1185 (cl
1087 1113 1267 1185 simplicitatis
1275 1114 1445 1187 privilegium
1453 1124 1556 1179 moesi.
1566 1115 1634 1173 ttrm
1646 1127 1674 1177 ct
1683 1117 1741 1175 Era
1752 1119 1889 1190 Mihin,

238 1218 335 1269 iacent
363 1218 417 1267 tam
453 1209 585 1266 viduitate
607 1224 688 1281 quam
721 1217 749 1265 ot
777 1208 929 1280 uirginitate
946 1208 1037 1265 :adeo
1088 1205 1135 1261 ubi
1155 1206 1196 1263 eis
1209 1206 1324 1279 contigit
1344 1222 1452 1279 sapere,
1475 1217 1621 1267 texuerunt
1636 1208 1677 1283 lli)
1701 1211 1794 1270 stetim
1815 1213 1893 1286 guod

238 1318 334 1363 serum
350 1300 524 1369 nominando,
536 1300 699 1375 generaliter
712 1300 781 1355 lilias
791 1300 932 1372 etspecies
947 1300 975 1357 iii
987 1314 1037 1371 ge·
1087 1307 1263 1369 agnoverant
1278 1298 1359 1357 certe
1372 1300 1401 1356 iii
1424 1300 1523 1372 quibis
1536 1302 1653 1373 pueritia
1665 1305 1790 1369 mutarit,
1815 1304 1893 1363 deut

237 1413 304 1457 nere
317 1397 497 1455 commiscuit.
511 1394 577 1453 item
590 1410 650 1451 cuin
665 1394 705 1467 id)
719 1393 785 1451 dicit
807 1402 928 1449 naturam
950 1392 1036 1464 ipsnm
1087 1401 1202 1461 naturae,
1215 1392 1294 1449 itaet
1312 1391 1557 1463 disciplinaedebet
1575 1402 1643 1451 etas
1662 1407 1727 1454 etse
1748 1394 1892 1458 munides.

237 1491 347 1559 docere,
362 1487 486 1547 foeminas
510 1485 635 1543 velandas
650 1500 730 1551 esse.
753 1498 813 1557 qun
837 1484 964 1555 capillum
987 1499 1037 1555 pro
1087 1482 1156 1540 llam
1178 1484 1501 1543 ermemirisctolliciis
1523 1485 1683 1545 mulieribus
1704 1488 1894 1560 resignatur.

238 1596 391 1661 tegumento
403 1595 431 1643 et
444 1590 604 1647 ornamento
613 1582 770 1639 mulieribus
782 1579 925 1653 assignarit
940 1595 948 1646 ;
969 1595 1036 1637 non-
1088 1577 1166 1635 llulln
1182 1577 1262 1652 uirgo
1273 1589 1326 1647 est,
1336 1594 1371 1639 or
1384 1594 1440 1653 quo
1449 1588 1541 1651 potest
1553 1581 1667 1651 nidus.
1680 1584 1810 1655 quoniam
1820 1593 1892 1643 aaa

237 1698 272 1759 iic
286 1682 357 1739 idem
373 1688 557 1755 tegumentum
569 1686 598 1735 et
619 1676 691 1733 idem
704 1675 793 1732 honor
805 1674 901 1747 capitis
924 1673 1036 1745 uirgini·
1085 1670 1143 1742 jain
1154 1673 1182 1727 iii
1194 1686 1228 1729 ea
1240 1672 1333 1743 nupsit
1344 1686 1396 1731 suo
1414 1676 1484 1740 ibo,
1498 1672 1527 1729 id
1540 1675 1733 1745 enmmporta
1758 1675 1808 1735 sod
1829 1676 1888 1734 all·

236 1775 287 1848 bus
300 1790 407 1849 quoque
419 1771 571 1845 adscriptus
590 1769 653 1829 esti
666 1767 696 1827 Si
708 1768 808 1827 mulieri
821 1774 895 1839 turpe
912 1776 951 1823 ert
963 1766 1034 1836 indi,
1049 1757 1075 1819 B
1088 1778 1141 1836 qua
1155 1764 1188 1836 (i)
1199 1780 1232 1823 se
1243 1765 1299 1823 lieo
1311 1766 1396 1825 iniit.
1412 1764 1511 1825 lauret
1520 1765 1626 1827 crinein
1637 1766 1676 1841 lii
1686 1768 1891 1831 “Mem

923 1878 1204 1943 COMMENTARIUS.

235 2010 336 2095 binlier.
361 2006 451 2093 lininio
468 2015 581 2076 uterque.
609 2000 676 2087 liuor
690 1996 902 2086 ‘inpeneinocie
929 1999 1036 2083 inoirein
1124 1993 1168 2121 (ῗί
1176 1992 1254 2051 Nilne
1262 2003 1585 2081 etm,quoereeetiiruein
1596 1996 1708 2069 ignorat
1717 1996 1791 2083 'ilinc
1805 2008 1895 2085 patet,

235 2080 414 2147 mneuelnndi,
428 2080 489 2135 inde
506 2075 632 2135 nudandi.
654 2072 739 2144 lquor
756 2088 779 2129 n
793 2086 823 2127 eo
847 2071 917 2141 qnod
940 2072 1036 2125 dierum
1087 2080 1139 2136 pue
1162 2080 1196 2131 is,
1218 2082 1279 2150 quar
1301 2067 1421 2123 nonduin
1445 2077 1559 2126 rationis
1581 2084 1660 2125 usuni
1675 2078 1830 2143 attigerant,
1848 2088 1895 2129 iii·

235 2156 267 2211 rit
280 2153 426 2220 bornicum,
440 2164 575 2208 eommiiiie
591 2155 628 2203 ert
645 2162 737 2201 eonion
759 2144 807 2199 oiri
821 2142 899 2199 eliani
920 2142 1036 2197 nonduin
1088 2146 1160 2195 tecto
1174 2148 1263 2209 capite
1287 2139 1435 2209 procedere
1457 2140 1575 2197 licuisse.
1591 2140 1771 2212 simplicitatis
1784 2144 1894 2214 prisia.

235 2223 412 2295 oiri,nioscnli
426 2222 529 2279 incertis
544 2234 698 2275 :commuue
711 2225 795 2273 cotem
814 2230 873 2269 crini
896 2215 929 2269 sil
943 2228 1036 2271 nornen
1087 2208 1158 2281 gi'rtnr
1180 2208 1366 2275 Tertullianus
1385 2210 1514 2282 appellat.
1541 2211 1643 2269 Telum
1664 2214 1693 2269 iii
1719 2214 1753 2270 iis
1767 2230 1829 2286 qum
1855 2215 1895 2275 ad

234 2296 374 2354 seeundum
389 2304 518 2362 iiolurnm,
533 2290 674 2347 commonit
693 2296 730 2344 erl
753 2295 778 2342 et
798 2286 840 2341 lec
857 2301 910 2341 non
933 2283 1036 2340 orlandi
1086 2280 1296 2337 adolescentiam
1319 2290 1477 2347 creverant,
1503 2297 1565 2340 curii
1588 2293 1684 2341 natura
1714 2293 1892 2359 munietur,

234 2371 301 2441 ejice,
311 2368 355 2439 qne·
369 2368 433 2421 inter
444 2366 513 2421 oiror
525 2366 596 2507 oirfo
606 2370 654 2423 ert.
665 2367 718 2417 otc.
747 2359 853 2415 Μυκη.
1086 2353 1184 2409 iiiutari
1210 2366 1317 2425 quoquo
1330 2352 1498 2424 disciplinam
1518 2354 1643 2413 decebat.
1657 2355 1726 2415 Vide
1735 2357 1836 2429 ipsum,
1851 2358 1893 2417 ei.

270 2441 309 2515 (a)
323 2438 357 2494 li'i
368 2437 505 2509 uirginitati
524 2437 555 2489 de
568 2444 657 2489 enetos
670 2430 890 2501 eoncopircentiie.
903 2426 952 2485 lile
966 2425 1034 2485 mibi
1087 2432 1141 2481 tato
1155 2439 1215 2492 cap.
1232 2426 1264 2479 ll
1280 2426 1313 2479 de
1337 2426 1386 2481 nei.
1402 2424 1473 2499 Virg.
1489 2424 1599 2483 Μυκη.

233 2514 345 2569 ierbuin
367 2506 476 2580 aliquod
496 2506 643 2563 desiderari
668 2504 785 2569 uidetur,
800 2500 950 2571 cuiusmodi
971 2512 1033 2557 esse
1122 2494 1164 2569 (b)
1180 2494 1889 2571 Teenernnt.Legoteeeriint‚utGen.cap.lli,n.¹l.

233 2586 304 2655 ipnee
325 2584 446 2649 eeciiore,
467 2590 513 2635 aut
536 2576 599 2663 quid
613 2576 710 2660 simile,
725 2583 755 2629 ut
774 2574 809 2630 sit
830 2569 1032 2628 sensusrllum
1134 2640 1140 2653 ι
1272 2570 1280 2588 ’
1514 2641 1522 2653 ,
1664 2569 1797 2656 ,llum

233 2663 445 2795 κκκκκκ
456 2654 699 2792 eniienim
714 2642 1032 2800 iiiiimiitiiii
1083 2638 1383 2795 illiniens
1395 2636 1889 2785 innitimini}

233 2814 321 2869 ireque
334 2794 479 2866 virginibus
493 2790 652 2849 licetiorma
667 2803 788 2859 eorporis
808 2784 949 2853 excellere,
966 2787 1032 2841 sibi·
1082 2780 1190 2838 Christo
1201 2781 1332 2847 dicarent,
1348 2797 1410 2839 cum
1431 2798 1448 2839 e
1470 2785 1607 2843 nonnuliis
1631 2784 1793 2845 Tertulliani
1814 2789 1887 2847 loeis

233 2884 285 2941 que
298 2874 433 2923 nmatores
446 2862 585 2921 inieiiirel
598 2860 704 2916 ilunir.
1082 2853 1110 2908 iii
1124 2863 1274 2909 memorato
1294 2854 1341 2909 lib.
1358 2855 1393 2911 de
1415 2855 1467 2911 rel.
1484 2855 1570 2928 virg..
1591 2864 1648 2912 tum
1669 2872 1704 2913 er
1727 2857 1779 2914 boc
1791 2861 1888 2932 capite

270 2939 311 3013 (li)
327 2938 385 3009 lnio
398 2936 521 2993 uidentur.
535 2934 602 3001 lnio,
618 2930 703 3003 inquit
716 2928 911 2995 Tertullianus,
935 2928 1031 3001 Angeli
1082 2923 1187 2981 ostendi
1210 2925 1350 2980 evidenter
1376 2934 1474 2995 potest,
1487 2935 1517 2982 ut
1530 2928 1625 2984 subeat
1647 2928 1741 2985 mirari
1754 2945 1887 3001 quorum·

232 3012 351 3085 uirgines
373 3009 463 3092 potius
482 3020 563 3079 quam
583 3014 679 3073 nuptas
697 3001 866 3069 concupiisse
892 2998 1029 3086 ridemur,
1081 2995 1144 3052 dam
1164 2997 1252 3052 autin
1267 3008 1403 3067 reaperta
1422 2998 1580 3067 cecitatem,
1594 3008 1642 3054 ant
1662 3001 1690 3083 iii
1706 3001 1886 3072 improbanda

231 3070 780 3227 tzitliiibliiiilininli
793 3070 881 3199 iili
894 3071 1031 3215 nini·
1081 3068 1888 3224 iiiiiiliildlitidliletiliitiniit

231 3235 379 3299 occeperunt
392 3224 440 3281 sibi
453 3237 587 3279 unornane
598 3217 787 3286 omniburqnor
798 3216 933 3297 elegerint.
946 3214 1029 3285 igitur
1042 3184 1066 3249 C
1082 3212 1171 3295 elesius
1182 3226 1307 3295 riguisse,
1322 3220 1369 3294 aut
1379 3211 1407 3266 iri
1422 3213 1618 3270 recentioribus
1628 3228 1690 3271 osse
1703 3214 1882 3277 laudandum.

231 3316 285 3355 iiiiii
310 3313 409 3355 risores
429 3295 579 3359 bominum,
602 3306 655 3347 noii
677 3288 795 3345 loeniinae
810 3285 994 3343 indifferenter
1012 3303 1028 3345 a
1080 3283 1118 3338 At
1130 3286 1173 3338 liic
1184 3283 1307 3354 legimns,
1322 3284 1422 3353 adquae
1434 3300 1461 3339 ee
1472 3285 1624 3351 decreuere,
1638 3296 1817 3357 sanctumque
1829 3290 1886 3346 lioc

231 3370 292 3427 liliis
308 3371 365 3435 liei,
379 3366 482 3426 siieali
497 3362 617 3435 Angelis.
633 3358 1029 3429 uti'ertulliaiiusinterprela-
1080 3354 1232 3412 institutum
1260 3354 1310 3409 liei
1331 3356 1417 3425 prodo
1443 3357 1565 3411 exerceri.
1593 3356 1666 3413 liiira
1690 3357 1884 3430 sitifiensirti

230 3450 274 3497 tur
288 3442 378 3513 (quam
399 3436 487 3495 solide
511 3452 564 3492 nori
586 3434 689 3506 quero)
703 3431 829 3501 expetite
850 3431 967 3499 luerunt,
981 3431 1029 3488 scd
1081 3424 1191 3491 Cirristo,
1207 3427 1247 3481 illi
1261 3435 1444 3481 cornemtsoni
1458 3428 1598 3483 tradidisti.
1609 3427 1721 3501 Agepro
1739 3433 1828 3487 meriti
1841 3434 1883 3488 tiri

230 3514 358 3585 uirgines,
372 3508 613 3584 emmeramiani,
629 3501 1028 3573 bocestnouduiiiooiijugatre.
1080 3498 1196 3565 (scilicet
1209 3498 1321 3569 Gbristi)
1343 3497 1490 3568 disciplina.
1509 3500 1538 3556 si
1565 3511 1660 3568 nuptos
1678 3502 1776 3557 alienu
1800 3504 1884 3559 celeri

230 3584 410 3653 Quamobrem
432 3585 469 3639 ita
493 3578 622 3651 legendus
648 3575 715 3633 milii
738 3574 843 3629 videtur
866 3571 1029 3630 Tertulliani
1075 3569 1150 3640 jubet
1162 3571 1295 3635 Ciminius,
1310 3585 1371 3624 eune
1383 3572 1469 3640 ulique
1479 3572 1558 3628 niuno
1571 3574 1663 3642 mopir.
1675 3572 1723 3629 llis
1735 3570 1806 3630 adde
1837 3590 1882 3631 irai

229 3656 324 3713 meus:
342 3654 400 3711 lino
418 3654 530 3709 ridemus
544 3650 612 3723 qnod
630 3648 740 3719 uirgines
756 3646 825 3700 solur
842 3645 1025 3716 concupierint.
1079 3641 1252 3697 doctissimus
1268 3642 1401 3697 Tarraelios
1416 3643 1632 3714 liobet‚.priilat.
1649 3643 1677 3699 in
1688 3590 1882 3702 eumdemqib.

230 3728 300 3785 liilra
319 3730 400 3786 etiam
415 3740 507 3781 osores
524 3738 571 3793 pro
585 3736 691 3777 iinon-oin
700 3716 841 3789 legendum
853 3730 930 3783 esse,
947 3730 1030 3774 nemo
1079 3710 1115 3768 dc
1128 3712 1199 3785 virg.
1214 3712 1276 3795 κκκ.
1285 3710 1395 3794 dignuin
1408 3723 1566 3783 argumento
1586 3716 1653 3771 satis
1664 3716 1805 3787 explorato
1817 3718 1885 3777 iliis

229 3810 316 3873 neget.
332 3795 408 3857 lluiic
430 3796 555 3854 eumdem
571 3792 685 3851 Genesis
708 3792 797 3847 locum
822 3804 837 3842 n
860 3784 1028 3845 Tertulliano
1079 3794 1201 3840 veterum
1215 3792 1376 3839 testimoniis
1391 3798 1482 3854 porco.
1496 3784 1606 3842 Μυκη.

229 3880 371 3929 tractatum
386 3870 479 3927 ridens
490 3869 516 3923 iii
530 3872 680 3923 memorato
694 3862 765 3920 libro
791 3860 822 3915 de
845 3860 894 3915 oei.
913 3857 1027 3931 Tingim,
1115 3856 1149 3927 (i)
1171 3854 1273 3939 Grineni
1286 3855 1378 3910 winde
1398 3856 1575 3939 transfigurat.
1588 3856 1640 3914 libi
1654 3858 1771 3931 virgines
1793 3863 1882 3918 oesti.

228 3959 288 4015 cap,
305 3945 332 4000 7,
347 3943 455 3999 plum,
1024 3940 1028 3947 ·
1078 3936 1160 3984 tatem
1183 3926 1363 3995 desierant,
1386 3941 1490 3983 crinem
1522 3929 1726 4003 transligurasse
1748 3929 1884 3994 diximus.

266 4014 305 4088 qe)
326 4015 417 4086 linque
442 4019 542 4067 errant.
567 4006 597 4065 ld
620 4014 663 4064 est
678 4024 685 4061 :
702 4006 756 4061 ille
768 4004 894 4061 dicuntur
916 4016 1026 4073 secare,
1077 3996 1181 4069 illeque,
1195 4010 1225 4053 iit
1238 3998 1363 4067 imiimi,
1379 3998 1438 4066 lioc
1449 4001 1559 4057 iiomirie
1581 4012 1675 4057 comas
1691 4001 1797 4059 tondmi
1809 4002 1883 4060 Ter·

228 4102 288 4159 qnoi
302 4100 348 4143 aut
361 4087 490 4157 virgines,
505 4089 552 4139 aut
563 4080 651 4137 viduae
663 4086 735 4136 suiit.
750 4076 859 4139 Μυκη.
1077 4071 1204 4126 usiliarius
1225 4069 1373 4141 signidcat;
1389 4080 1485 4127 auctor
1497 4073 1570 4127 eiiim
1597 4088 1605 4127 i
1683 4082 1711 4128 et
1724 4082 1776 4141 est,
1793 4075 1882 4160 virgi·

264 4158 305 4249 (d)
319 4158 455 4214 lienteum
467 4155 538 4221 diei,
561 4162 615 4209 otc.
629 4151 660 4207 ln
683 4148 778 4233 eodeni
791 4162 852 4219 cap.
878 4142 917 4202 xl
944 4146 994 4219 Ep.
1015 4146 1025 4203 l
1076 4143 1157 4199 riibos
1168 4157 1275 4225 quoque
1296 4151 1374 4225 torpe
1391 4156 1452 4225 cese
1466 4142 1582 4227 tonderi.
1594 4086 1759 4212 mim,
1776 4145 1879 4218 inquit,

227 4230 261 4284 nil
276 4232 351 4297 bor..
366 4246 394 4285 ii.
410 4230 444 4285 lt
460 4244 475 4311 :¹
485 4225 549 4299 ipro
565 4232 670 4307 emnem
686 4229 771 4305 inquit
784 4216 1027 4303 Apostolus'docet
1076 4223 1198 4285 turpem
1210 4214 1284 4296 rods,
1299 4222 1323 4269 et
1335 4227 1427 4286 corpori
1441 4215 1555 4297 perinde.
1569 4213 1641 4271 ldeui
1668 4218 1766 4300 repetit
1786 4216 1878 4277 iollb

226 4318 281 4429 ii:
325 4298 1026 4436 illiditidltlllliiilllitid
1075 4284 1882 4441 libidinilldtttiintlildttib

224 4448 295 4501 liiniii
307 4446 396 4519 capilli
408 4460 455 4517 pro
469 4442 593 4498 oelomine
609 4438 633 4494 ei
647 4437 776 4493 dotiannt.
792 4434 874 4507 igitiir
892 4447 954 4491 cuin
969 4433 1023 4489 rir-
1073 4442 1258 4513 consuevisse,
1272 4442 1305 4512 ac
1328 4429 1461 4501 precipue
1483 4430 1511 4485 in
1538 4429 1616 4502 Syria
1640 4437 1669 4487 et
1690 4429 1821 4504 AEgppto,
1837 4434 1882 4490 nii

225 4518 332 4589 gliribus
344 4532 452 4591 quoqne
463 4512 554 4586 capilli
566 4525 616 4582 pio
628 4509 762 4566 relaiiiine
775 4523 810 4565 ne
822 4524 842 4563 a·
860 4515 954 4563 natura
967 4506 1023 4561 sint
1074 4500 1262 4575 biemnymne,
1285 4514 1314 4555 iii
1333 4499 1468 4569 epistld.
1489 4500 1525 4557 ad
1546 4501 1740 4569 Sabinianum.
1768 4502 1882 4576 aliaque

225 4592 291 4660 doti,
305 4592 365 4647 uolo
377 4599 405 4646 et
416 4592 481 4659 ipsm
494 4586 532 4641 uti
543 4583 651 4640 debent.
665 4581 772 4637 Μυκη.
1034 4554 1246 4657 ”monumenti
1260 4580 1402 4655 testamur.
1417 4572 1472 4629 Sed
1483 4572 1636 4643 huiusmodi
1649 4574 1880 4633 consuetudinem

262 4664 301 4737 (e)
315 4661 474 4730 Sindenipne
483 4650 838 4715 criminaremintudnis
850 4651 930 4708 etiam
938 4646 1023 4706 immi·
1074 4660 1102 4702 in
1124 4643 1214 4701 sirica
1236 4646 1320 4702 tribus
1346 4643 1441 4700 saltem
1464 4644 1598 4715 prioribus
1617 4645 1747 4703 Ecclesia
1768 4647 1881 4705 sutilis

224 4736 267 4791 iiis
281 4736 307 4790 iii
322 4750 372 4791 usu
385 4733 483 4798 luisse,
503 4739 532 4785 ut
550 4729 639 4784 relato
662 4726 750 4796 capite
771 4722 939 4786 incederent,
949 4722 1020 4777 idem
1073 4716 1231 4783 obtinuisse,
1246 4730 1377 4788 numnam
1390 4715 1511 4772 inienio.
1527 4715 1634 4774 Censeo
1646 4717 1736 4789 itaque
1748 4718 1785 4773 nil
1799 4717 1880 4777 aliud

225 4806 405 4864 Tertullianus
428 4804 493 4861 olibi
515 4808 639 4864 testatur,
655 4810 751 4868 nempe
779 4810 839 4868 cap.
860 4794 889 4863 l,
906 4794 966 4850 libri
986 4791 1021 4849 de
1073 4788 1118 4845 liic
1136 4787 1256 4857 intelligi,
1273 4788 1325 4843 iiisl
1345 4786 1621 4844 iiiodestamcrinium
1639 4788 1879 4861 compositionem,

223 4878 286 4935 Cor.
302 4878 404 4947 militis,
418 4877 494 4948 cujus
507 4874 566 4928 lino
578 4867 730 4927 suiitiierbn
744 4866 837 4938 :Apud
849 4866 957 4921 dudem
968 4872 1020 4919 toni
1071 4876 1152 4933 quarm
1166 4861 1283 4933 virgines
1295 4867 1351 4915 lum
1368 4874 1478 4917 serrare
1490 4858 1662 4931 incipiebant,
1674 4874 1736 4916 crim
1748 4874 1779 4916 se
1796 4858 1880 4919 cliri-

224 4951 335 5006 soleinne
345 4960 380 5006 eit
392 4947 504 5023 sentinis
516 4958 603 5000 eorum
618 4939 731 4997 nebeten
744 4938 845 5011 capitii,
860 4948 888 4992 iit
906 4936 967 4992 inde
978 4951 1021 4991 no·
1071 4940 1114 4988 sto
1127 4930 1262 4987 dicabant.
1273 4930 1307 4987 Et
1319 4930 1428 5003 quidem
1452 4931 1598 5003 antiquitus
1619 4933 1746 4988 usitatum
1769 4932 1820 4989 luit
1848 4942 1881 4991 ut

223 5033 337 5077 econius.
352 5021 420 5078 Tum
443 5018 518 5074 addit
538 5012 691 5085 exemplum
711 5010 841 5068 Rebeccae
855 5007 943 5064 adbuc
964 5006 1019 5062 iir-
1071 5005 1146 5079 crine
1165 5002 1254 5059 soluto
1267 5016 1299 5059 ac
1313 5002 1403 5059 libero
1417 5003 1534 5076 virgines
1558 5003 1724 5060 incederent.
1737 5000 1825 5060 Simul
1842 5019 1881 5062 ac

223 5093 302 5165 ginis.
323 5108 382 5166 quio
402 5091 491 5149 relata
515 5086 550 5144 ad
569 5098 699 5157 sponsum
724 5082 842 5155 prolecta
863 5088 914 5145 est,
929 5085 959 5135 et
971 5077 1019 5135 Su·
1070 5086 1160 5132 antem
1169 5074 1295 5146 conjugio
1314 5088 1376 5131 sese
1389 5075 1554 5146 obligabant,
1566 5089 1652 5131 comae
1667 5074 1720 5131 illis
1732 5084 1834 5132 coactae
1848 5084 1903 5135 ct*

223 5180 315 5222 sonna>
338 5182 397 5237 qum
412 5160 582 5234 cumjudicio
595 5158 744 5221 sisteretur,
758 5162 851 5226 operia
870 5161 928 5209 erat
946 5153 1019 5207 uela·
1069 5147 1227 5219 composite
1245 5154 1332 5213 erant,
1348 5155 1379 5201 ut
1398 5146 1453 5218 jam
1467 5147 1494 5201 iii
1507 5154 1691 5203 matronarum
1712 5147 1879 5219 pravitatem

222 5207 363 5367 elli-'u
488 5223 1018 5361 orne.utluiriiiin
1069 5217 1881 5361 unitissimo

223 5318 592 5445 elffiinllarliipaeiitftii'indr'ucb,
609 5372 656 5429 oeli
667 5340 742 5441 cujus
762 5339 806 5425 am
817 5310 1019 5425 tgnoitmentio·
1069 5363 1217 5447 prodercnt
1228 5376 1259 5419 sc
1280 5361 1336 5416 ileo
1349 5328 1455 5431 nuptss’,
1471 5304 1619 5433 omnemque
1637 5362 1752 5417 lemtim
1764 5363 1799 5416 nii
1813 5379 1877 5419 mn-

222 5468 283 5509 nem
292 5454 363 5517 lacit,
372 5468 421 5527 quo
430 5446 680 5522 seiiiinororneupiiri
688 5442 768 5515 obtegi
776 5441 899 5497 solebant.
910 5438 1017 5495 binim.
1071 5438 1146 5493 lieres
1159 5432 1336 5517 connetendo,
1345 5430 1399 5489 lioc
1410 5432 1820 5516 estmatmnalibusseiestilios
1832 5434 1880 5492 iii-

258 5526 292 5601 (l)
306 5526 360 5582 Sed
389 5526 412 5579 ri
436 5538 488 5578 iion
513 5520 666 5575 observaret.
693 5515 850 5585 Quanquam
871 5511 1020 5585 uirginibus
1071 5506 1397 5572 diendo,maironissire
1411 5505 1566 5562 mulieribus
1590 5505 1879 5576 nuptisaceensereri-

218 5596 317 5669 iudeis
334 5594 437 5653 velandi
451 5592 546 5665 capitis
568 5588 734 5646 consuetudo
749 5600 802 5641 nori
824 5592 907 5648 esset,
924 5582 1021 5637 nibilo-
1073 5589 1125 5635 tur.
1138 5578 1258 5649 Reliquae
1270 5592 1337 5633 iero
1348 5577 1465 5649 virgines
1486 5576 1516 5632 iri
1537 5590 1612 5649 spem
1626 5576 1799 5633 secularium
1820 5593 1878 5635 nu·

221 5672 312 5729 miiius
336 5669 364 5725 iii
377 5668 437 5741 lege
451 5663 665 5721 Cirristinnorum
680 5656 828 5714 serrandus
842 5654 913 5712 loret
928 5655 1021 5727 buius·
1071 5654 1187 5723 ptiarom
1200 5650 1389 5718 educatique
1410 5648 1552 5720 pueritiam
1573 5655 1748 5719 transgressae
1771 5656 1878 5707 eminet

222 5743 294 5801 modi
309 5742 393 5806 ritus3
422 5753 483 5793 narii
500 5739 527 5793 in
546 5732 620 5791 Novo
635 5730 810 5788 Testamento
825 5738 933 5786 ueteres
945 5728 1020 5801 leges
1072 5722 1241 5794 capillorum
1254 5738 1304 5776 neo
1323 5720 1632 5778 incrementationis·
1653 5722 1779 5791 inserent,
1793 5722 1881 5777 eriri

219 5812 426 5889 etampliattcct
438 5798 567 5883 suppletae
581 5814 650 5865 suiit.
662 5801 770 5860 Μυκη.
973 5826 974 5829 π
1072 5790 1886 5883 mimmifflwiwlmfflfflmflw
