4084 6334
196 492 265 555 test

763 490 993 558 ittssteuvaate
1010 488 1043 549 e.
1063 487 1109 548 LE
1128 490 1282 550 aeuum.

1780 499 1852 557 teca

196 626 259 677 uns,
275 626 324 683 per
337 609 408 684 quod
423 610 532 684 forsitan
542 611 574 667 de
590 610 663 665 nobb
680 610 823 667 credidistis
845 611 896 666 alia
919 609 994 687 (Ter-
1009 612 1033 671 Α
1047 608 1092 663 ilio
1103 608 1181 665 isidis
1206 608 1305 681 templo
1317 606 1395 665 malis
1422 609 1592 667 sacerdotnm
1617 612 1720 669 artiims
1742 624 1852 675 coustu-

196 705 312 771 tullt'an.,
327 703 451 778 Apelep,
466 722 523 777 cap.
535 704 562 770 9,
575 722 602 775 p.
624 702 700 776 bid),
723 720 783 777 qttae
801 705 995 769 recensuimus,

197 798 279 870 louge
293 798 416 869 graviora
444 798 546 853 seelera
561 813 576 852 a
591 796 670 853 nobis
684 798 843 869 perpetrari.
859 796 912 853 Sed
932 811 996 852 cirn-

196 891 269 947 suito
296 890 332 947 ibi
353 871 450 961 adjecit
473 892 600 963 [ursitum
625 892 687 961 quia
701 892 781 962 patulo
805 901 867 947 aute
893 889 996 946 dixerut

194 985 264 1041 adeo
279 984 382 1040 atrocia
403 968 464 1040 esse
478 984 524 1039 ilia
552 985 665 1053 scelera,
690 999 805 1055 quorum
828 984 995 1039 Christianos

195 1078 353 1150 arguebant,
376 1087 405 1133 ut
420 1078 464 1132 vix
481 1076 515 1133 ab
536 1078 592 1133 ulio
612 1077 721 1133 bomine
748 1078 821 1134 credi
847 1078 992 1147 patuerint,

195 1172 383 1245 uisiqnaedam
403 1173 500 1248 similia
528 1173 665 1229 iecissem.
682 1172 802 1229 Prnonn
825 1183 915 1229 autem
935 1170 995 1228 iilos

195 1268 271 1324 vario
285 1268 366 1323 mode
378 1268 525 1324 homicidas
537 1268 619 1324 luisse
632 1268 773 1343 petendu,
792 1269 853 1340 qula
873 1268 994 1342 insontes,

195 1363 274 1419 sicuti
288 1362 417 1435 loquitur,
440 1377 515 1435 parret
530 1364 645 1436 Africum
666 1364 778 1419 Saturne
799 1362 996 1418 itntnelalrantnr

195 1455 284 1527 palam
304 1471 382 1525 nsque
394 1455 427 1508 ad
450 1455 658 1526 proconsulatum
675 1453 777 1520 Tiberii,
795 1456 838 1527 qui
862 1456 930 1528 ipses
950 1472 994 1509 stt-

195 1550 308 1606 cerdotes
321 1550 346 1604 itt
362 1550 457 1604 eisdem
471 1549 604 1604 arboribus
620 1548 708 1621 templi
720 1550 760 1604 ani
769 1548 996 1604 obumbratricibus

194 1644 319 1699 scelerum
329 1660 433 1699 auorum
447 1644 535 1700 uotiuis
551 1642 667 1698 crucibus
681 1645 806 1714 esposuit,
823 1653 884 1699 teste
904 1644 996 1699 militia

195 1738 288 1810 patrita
313 1748 483 1807 nostroe,qnoe
507 1738 535 1792 id
558 1738 644 1809 ipsum
668 1755 760 1792 mutans
785 1736 823 1791 ilii
847 1737 995 1809 proconsuli

195 1834 286 1904 iuncta
305 1841 341 1887 est
354 1830 447 1904 (leid,
472 1843 495 1887 et
517 1833 592 1905 seq).
611 1833 648 1888 be
665 1834 714 1889 itae
726 1841 815 1888 autem
832 1832 993 1900 detestabili,

193 1936 223 1981 et
241 1935 335 1980 eetttta
350 1926 440 1981 onnia
455 1937 555 1981 uatttrre
570 1927 652 1998 ipsius
663 1928 734 1997 iura,
757 1927 938 1981 immolatione
954 1926 994 1981 iu-

1049 703 1237 775 pratainisset.
1260 702 1315 758 Cur
1343 720 1407 775 erge
1436 706 1521 775 magis
1547 705 1670 762 lterribiIi
1697 702 1849 779 irtiantit'tm,

1048 792 1163 850 Saturno
1193 794 1402 863 immolatorum,
1430 798 1564 853 saeriiieie
1590 800 1723 869 potensin
1750 803 1850 879 birico,

1048 900 1127 957 quatu
1151 888 1177 942 itt
1206 886 1358 957 (latitanti
1382 888 1513 959 diritatis,
1532 901 1558 947 et
1576 892 1637 949 aliis
1650 894 1675 948 iu
1697 895 1852 967 regionibus

1049 981 1238 1051 pepercisset?

1083 1074 1135 1131 Sed
1150 1093 1219 1149 qna,
1238 1076 1359 1147 inquies,
1387 1078 1492 1133 ratIotre
1519 1079 1621 1135 dietnm
1647 1082 1851 1155 aTertuliiann,

1047 1169 1172 1240 usquead
1186 1170 1394 1243 proconsulatum
1419 1170 1535 1225 Tiberii?
1561 1172 1696 1244 Numquid
1717 1175 1851 1245 Tiberius,

1047 1270 1196 1333 antequam
1222 1264 1326 1319 romani
1362 1264 1467 1335 imperii
1494 1265 1705 1335 gubernaculum
1738 1278 1853 1336 teneret,

1048 1356 1189 1426 proconsul
1215 1357 1241 1412 in
1276 1354 1367 1413 Airiea
1404 1357 1511 1416 iuerat?
1531 1358 1583 1415 Sed
1599 1359 1674 1431 quid,
1694 1362 1790 1417 anrabe
1815 1372 1851 1432 te,

1047 1458 1119 1505 vetat
1139 1450 1281 1519 quomirms
1307 1450 1370 1505 illue
1394 1451 1428 1507 ab
1444 1451 1562 1522 Augusto
1576 1451 1693 1518 Caesare,
1708 1461 1754 1507 aut
1766 1463 1845 1509 antea

1047 1541 1215 1613 renuntiatus
1227 1541 1262 1595 sit
1276 1540 1372 1597 ultien
1382 1543 1543 1611 proeomul'?
1557 1542 1583 1599 st
1595 1543 1654 1613 quis
1668 1552 1755 1599 tattren
1771 1554 1848 1601 reete

1048 1633 1199 1703 probaverit
1220 1615 1414 1689 Tertullianum
1440 1635 1474 1691 de
1488 1636 1540 1690 alio
1570 1626 1775 1706 intelligendum
1792 1655 1852 1695 esse

1046 1724 1154 1781 Tiberio
1176 1726 1272 1782 birine
1288 1727 1458 1797 proconsule,
1475 1728 1536 1783 lmie
1552 1729 1628 1783 iaciie
1648 1732 1838 1786 assentiemur.

1084 1820 1230 1891 Subjurtxit
1247 1830 1336 1876 antem
1353 1821 1396 1877 iile
1417 1821 1619 1879 crudelissimos
1635 1822 1744 1879 Saturni
1759 1840 1850 1881 saeer-

1047 1912 1125 1977 detes
1141 1913 1217 1983 jussu
1233 1914 1355 1983 ejusdem
1372 1914 1469 1969 Tiberii
1484 1915 1624 1985 extrusitos
1641 1914 1723 1971 inisse
1742 1918 1767 1971 in
1783 1918 1854 1974 iilius

193 2014 308 2072 faqqtqm
337 2019 364 2071 q„
400 2018 585 2089 superioribus
618 2018 717 2073 postris
758 2006 1852 2085 disseptatiqupqsssicutprliariteribuS,tautanttmseeierumebutnbratucibus

193 2109 269 2180 plura
306 2108 510 2164 observavimus
540 2108 697 2183 (dissertat.
722 2111 748 2165 in
773 2108 868 2165 iiitrut.
891 2111 992 2179 lictae,

194 2217 253 2272 cup.
266 2201 294 2267 9,
309 2211 359 2257 art.
369 2202 397 2281 2,
413 2212 436 2256 et
447 2200 556 2257 Dissert.
568 2203 595 2258 in
610 2201 740 2267 ductant,
760 2220 818 2273 cap.
831 2203 876 2271 51,
890 2212 939 2257 nrt.
954 2206 993 2284 5).

195 2296 326 2366 Superest
341 2297 422 2367 igitur
436 2305 466 2351 ut
476 2312 519 2364 ea,
534 2312 594 2366 qnae
609 2295 775 2351 Tertulliano
794 2306 888 2351 nostro
911 2311 993 2367 pecu·

194 2390 269 2447 liaris
285 2399 359 2458 sunt,
378 2406 448 2445 nune
461 2391 596 2461 sigillatim
610 2390 804 2460 expendamus.

232 2484 329 2542 Narrat
357 2487 447 2558 itaque
470 2486 557 2559 primo
574 2487 645 2544 bunc
658 2502 760 2543 morem
777 2488 994 2545 crudelissimum

196 2596 385 2653 perseverasse
411 2598 489 2653 usque
514 2582 548 2637 ad
567 2583 775 2653 proconsulatum
801 2582 904 2639 Tiberii.
932 2584 996 2653 Qui·

196 2675 362 2731 damaetam
391 2677 520 2747 suspicati
538 2685 603 2733 sunt
616 2677 652 2733 ibi
679 2676 835 2748 legentium,
861 2696 939 2751 usqne
961 2679 996 2734 ad

199 2757 376 2839 proconsulem
391 2767 496 2835 Tiberii,
513 2767 606 2837 idest,
624 2752 810 2849 proconsulem
830 2771 993 2841 qttetnpiatn,

196 2869 268 2916 anta
288 2860 396 2916 Tiberio
420 2861 582 2932 imperatore
602 2863 726 2931 missum,
753 2874 797 2919 aut
822 2865 864 2918 eni
888 2865 996 2922 Tiberie

197 2968 357 3025 cognomen,
379 2964 405 3020 et
418 2956 487 3036 alius
501 2957 612 3013 omnino
623 2966 693 3025 erat,
709 2973 789 3029 quam
808 2958 851 3013 iric
873 2958 995 3015 Tiberius

197 3045 354 3117 impetatur,
370 3046 470 3118 illoque
485 3049 628 3117 posterior.
654 3047 706 3104 Sed
726 3047 788 3119 qnia
818 3048 876 3128 itare
897 3051 996 3122 qualis-

196 3140 475 3211 cumqueemeudatio
486 3156 541 3195 uon
554 3140 713 3208 suiiieiebat,
729 3142 841 3198 alteram
857 3143 994 3211 addidere,

196 3243 333 3305 aspostea
362 3213 505 3304 legendum
521 3243 691 3304 putaverunt,
715 3244 776 3290 teste
802 3236 894 3290 militie
916 3238 997 3307 patria

196 3327 289 3389 nestri,
306 3327 358 3382 hec
372 3336 423 3394 est,
439 3326 509 3380 sieut
524 3326 561 3380 ilii
574 3325 773 3390 emittebantur,
789 3329 871 3397 patris
892 3328 997 3385 Tertul-

1046 2100 1123 2179 GIrca
1142 2100 1280 2170 geritilium
1300 2102 1372 2157 enlm
1384 2103 1483 2173 templa
1502 2102 1628 2173 plantate
1640 2114 1716 2159 eraut
1730 2103 1852 2173 arberte,

1046 2195 1174 2266 singulari
1190 2196 1320 2267 cariusque
1336 2197 1425 2267 tempii
1441 2198 1496 2254 Dee
1511 2208 1685 2265 consecrate,
1709 2199 1854 2272 dequibus

1050 2299 1078 2346 nt
1104 2292 1171 2347 alios
1196 2293 1361 2358 omittamus,
1376 2292 1576 2364 itseclipuieius
1601 2294 1764 2366 deqnodam
1791 2295 1854 2353 iano
1950 2332 1959 2346 .

1048 2384 1146 2447 litteris
1159 2386 1311 2441 orandam:
1328 2385 1401 2441 Videt
1415 2387 1482 2441 dena
1495 2390 1620 2457 speciosa,
1634 2398 1658 2443 et
1669 2388 1776 2444 lacinias
1790 2406 1854 2445 aure

1047 2474 1178 2543 lateratus,
1194 2481 1273 2534 cuntis
1295 2480 1414 2535 utiterum
1429 2482 1591 2552 postibusque
1603 2484 1716 2555 sufflans,
1728 2500 1852 2554 quaecum

1046 2572 1205 2647 qratiasacti
1223 2574 1381 2629 natnendeae
1411 2575 1451 2629 cni
1476 2576 1676 2647 {neratttdIcatte
1699 2578 1855 2632 testabantur·
1886 2614 1888 2621 ,

1048 2664 1156 2741 (Apulei
1166 2666 1354 2739 dietnrnerpit,
1365 2668 1409 2724 lib.
1424 2668 1468 2727 Vi.
1480 2670 1557 2741 panio
1572 2680 1629 2741 pest
1648 2672 1703 2725 luit.
1715 2689 1775 2744 paq.
1787 2672 1846 2742 ee).

1048 2757 1129 2817 Vides
1151 2759 1231 2831 igitur
1247 2761 1272 2815 in
1297 2760 1338 2829 itis
1365 2761 1506 2817 arboribus
1525 2778 1644 2833 appensa
1669 2762 1753 2821 inisse
1772 2768 1853 2835 dona,

1049 2853 1135 2929 iisque
1151 2854 1291 2925 prandeum
1305 2870 1402 2910 notaten
1418 2854 1479 2923 dei,
1493 2856 1535 2911 cui
1556 2858 1684 2927 templum
1701 2858 1764 2915 iliud
1784 2876 1853 2915 utm-

1048 2958 1172 3021 curtatum
1185 2958 1254 3004 erat.
1271 2950 1306 3005 ut
1318 2966 1349 3005 ett
1359 2950 1401 3005 itis
1412 2951 1569 3018 arboribus,
1585 2954 1713 3023 tempium
1733 2952 1851 3021 Satttrui,

1048 3040 1085 3097 ait
1097 3042 1197 3097 desetor·
1211 3052 1314 3109 trester,
1328 3042 1560 3112 obumbrantibus,
1578 3045 1653 3102 iactae
1668 3055 1731 3101 sunt
1757 3049 1854 3105 votivae

1047 3150 1081 3201 ec
1096 3136 1191 3193 dicatve
1213 3152 1318 3205 cruces,
1332 3138 1429 3209 quibus
1445 3139 1660 3193 inhumanissimi
1675 3138 1711 3193 iiii
1725 3142 1851 3195 sacerdo-

1050 3240 1091 3289 tes
1108 3231 1242 3301 suspensi,
1259 3231 1355 3303 laqueo
1369 3232 1449 3287 vitam
1465 3232 1541 3289 linire
1562 3231 1647 3287 coacti
1670 3242 1742 3288 sunt.
1758 3232 1853 3291 Utrum

1050 3331 1139 3377 autem
1152 3322 1248 3377 iturum
1263 3323 1420 3379 Tertulliani
1432 3325 1593 3389 verborum,
1610 3340 1669 3396 qnae
1687 3326 1853 3384 erutlitoruut

197 3423 273 3491 ilani,
287 3423 334 3504 ¹qai
347 3421 489 3493 proconsul
504 3420 554 3475 luit
572 3406 638 3492 post
658 3420 761 3476 Tiberii
783 3422 898 3477 Caesaris
922 3435 1033 3499 mer-C
1050 3415 1183 3488 ingenium
1198 3415 1268 3471 iratrd
1285 3431 1377 3487 parum
1392 3426 1578 3486 exercuerunt,
1597 3432 1678 3475 verus
1693 3418 1727 3474 sit
1740 3434 1848 3489 seusus,

199 3524 265 3571 tem.
279 3516 314 3571 itt
328 3515 445 3585 probate
458 3514 533 3585 ptius
554 3512 688 3568 debebant
713 3523 816 3583 patrem
837 3514 996 3571 Tertulliani

197 3606 308 3678 proprio
337 3605 439 3661 Tiberii
467 3605 577 3660 nomine
598 3603 682 3660 luisse
698 3606 872 3677 appeliatum.
896 3606 997 3663 Deinde

197 3714 262 3755 vero
277 3699 339 3754 lmie
358 3679 520 3772 conjecturae
542 3696 815 3769 reiragautaremnes
826 3740 834 3764 ,
847 3713 908 3754 cnut
919 3699 995 3769 editi,

198 3799 253 3846 tunt
270 3790 444 3864 manuscripti
458 3789 574 3846 codices.

234 3878 304 3953 Quid
325 3870 393 3939 vero
418 3883 530 3954 impedit
543 3884 688 3955 quominus
703 3882 826 3941 Tiberius
839 3884 995 3956 imperator,

198 3954 362 4033 dirissimum
375 3975 440 4031 iliaci
452 3976 593 4031 iniantinm
608 3977 769 4033 sacrificium
786 3977 814 4033 iu
834 3976 923 4035 disice
936 3995 998 4050 pro-

198 4065 337 4125 hibuerit?
362 4068 457 4124 Nonne
484 4067 586 4125 Plinius
607 4070 747 4125 memoriae
777 4071 894 4144 prodidit
925 4088 999 4129 atino

199 4162 250 4219 eit
271 4161 352 4220 Urbis
376 4164 511 4230 candiae,
528 4179 560 4220 ae
594 4162 644 4220 Cu.
674 4164 809 4233 Lentulo,
836 4175 863 4223 et
879 4167 909 4223 P.
924 4166 996 4224 Lici-

197 4254 357 4326 nie·Crasso
375 4257 538 4324 cortsnlibus,
565 4257 736 4314 interdictum
766 4259 849 4315 livisse
875 4272 998 4318 senatus·

197 4350 330 4437 consulto,
345 4366 379 4406 ne
390 4349 470 4406 bomo
480 4350 665 4408 immolaretur
677 4370 684 4407 z
698 4353 746 4409 sed
758 4354 820 4425 qnia
832 4354 890 4412 hec
900 4357 996 4413 intutu·

1050 3506 1190 3577 expiendas
1204 3507 1295 3573 avelim,
1309 3507 1351 3561 vei
1366 3507 1446 3563 aliam
1470 3508 1548 3564 nobis
1568 3509 1687 3579 proi'eras
1703 3510 1852 3567 tueiiorem.

1049 3602 1085 3657 at
1097 3600 1235 3657 uebIscum
1250 3601 1427 3671 proculdubio
1439 3601 1568 3658 inteberis
1582 3600 1645 3659 huie
1666 3602 1726 3659 leco
1738 3604 1853 3675 aliquam

1049 3695 1136 3751 luceru
1159 3693 1248 3751 ailerri
1274 3710 1353 3765 posse
1382 3694 1423 3751 itis
1448 3695 1571 3751 versibus
1592 3696 1729 3765 Ausonii,
1758 3696 1854 3769 quibus

1050 3790 1176 3845 Auterem
1187 3787 1270 3859 stipiti
1282 3788 1361 3860 myrti
1375 3802 1537 3858 suspensum
1558 3787 1673 3847 cecinit:

1142 3902 1246 3965 Eligitur
1259 3910 1345 3955 museto
1356 3911 1450 3968 myrtus
1461 3904 1585 3955 notissima
1596 3904 1670 3965 luce,

1143 3965 1265 4017 Iuvnliosa
1275 3966 1349 4017 deum
1363 3968 1449 4030 patenis·
1462 3967 1620 4017 (latreiaverat
1631 3966 1681 4017 illic

1142 4026 1236 4090 Spreta
1246 4028 1304 4077 oiim
1318 4038 1454 4079 memorem
1466 4028 1574 4079 Teneris
1584 4030 1731 4093 Proserpina
1740 4030 1852 4083 Adonim.

1141 4091 1221 4153 liujus
1232 4092 1258 4141 iu
1268 4091 1371 4141 eseeiso
1381 4106 1530 4157 suspensum
1541 4093 1626 4155 stipite
1635 4092 1762 4157 datorem,

1142 4153 1290 4205 Devinetum
1303 4162 1358 4219 post
1370 4163 1440 4219 terga
1460 4169 1554 4211 uranus,
1572 4157 1754 4218 substrictaque
1767 4157 1855 4221 plantis

1142 4214 1247 4331 thnenia
1258 4226 1413 4281 maerentem,
1427 4216 1494 4267 nulio
1506 4217 1674 4269 moderamine
1686 4232 1766 4283 paenae

1192 4280 1275 4333 'ciunt
1515 4279 1520 4293 '

1298 4342 1397 4407 (Arnas.
1410 4338 1481 4407 iaqtt.
1498 4343 1521 4406 d,
1535 4357 1557 4395 e.
1571 4346 1602 4396 ee
1614 4352 1636 4395 et
1647 4346 1728 4413 seqq.)

197 4440 308 4497 nissima
344 4442 510 4499 consuetude
544 4434 635 4513 postea
673 4445 760 4501 adime
800 4447 871 4517 apud
903 4448 995 4505 Galles
1086 4452 1124 4513 Ne
1138 4453 1198 4525 quis
1212 4468 1293 4525 porro
1305 4452 1439 4511 dubitaret
1454 4453 1487 4510 de
1501 4463 1607 4525 sumptu
1620 4454 1654 4509 ab
1669 4454 1723 4509 illis
1743 4454 1856 4514 Saturni

197 4535 408 4610 perseverabat:
435 4534 529 4591 Tiberii
555 4536 682 4607 Caesaris,
714 4540 811 4612 inquit,
833 4540 999 4620 {principanq
1047 4532 1232 4605 sacerdotibus
1251 4562 1340 4617 paena,
1354 4555 1449 4603 testem
1460 4546 1561 4613 atteror:
1574 4556 1665 4603 nester
1679 4547 1854 4618 appeliatmi-

197 4628 298 4682 snstaiit
323 4626 437 4704 Druidas
463 4644 549 4683 eornm
553 4667 709 4684 ......
734 4648 779 4685 nec
797 4633 859 4687 ratis
877 4635 998 4689 astituati
1050 4637 1134 4695 litium
1158 4641 1250 4715 patrita
1275 4656 1342 4708 suae,
1373 4641 1573 4721 quenlidipsnnt,
1591 4641 1686 4713 inquit,
1701 4642 1856 4713 nrrrnnqitti

199 4728 279 4792 potest
291 4732 415 4792 qnantum
429 4721 553 4777 Rontattis
566 4723 696 4792 debeatur,
714 4726 757 4795 qni
768 4728 892 4785 attatuiere
918 4746 997 4787 mett-
1049 4736 1195 4805 precatunlr'
1216 4736 1325 4792 Tiberin
1347 4740 1434 4807 {nttcltt
1455 4748 1491 4791 ast
1512 4735 1690 4807 (Tertuliimt.
1705 4737 1853 4809 dpoieqet.,

197 4821 260 4881 stra,
275 4815 303 4869 in
316 4815 408 4896 quibua
423 4816 551 4873 berttinem
573 4819 686 4874 occidere
701 4819 1108 4910 reiiqiosissinnrnaare·1)erp.
1131 4831 1158 4896 9,
1175 4846 1233 4901 edd·
1247 4832 1300 4887 5¹5
1313 4830 1333 4899 i»
1350 4830 1444 4901 1111111115
1467 4829 1536 4887 11111111
1560 4830 1640 4887 11111111
1662 4831 1750 4889 1111115
1771 4832 1856 4902 1111111·

198 4904 376 4973 datnr,tnantli
390 4925 449 4965 vere
459 4910 536 4965 etiarn
550 4910 745 4967 saluberrimam
756 4912 838 4987 (Plin.
851 4916 894 4969 tit.
910 4915 996 4972 XXX.

198 5009 285 5057 natur.
300 4998 382 5069 Bisa,
398 5019 457 5073 cap.
471 5004 498 5069 I,
515 5020 576 5077 pap.
598 5002 649 5059 718
663 5001 684 5077 ).
701 5004 820 5063 audisne
839 5008 999 5079 impiissimo

198 5094 332 5151 sacrificio
353 5112 406 5151 neu
433 5098 522 5153 solum
545 5099 651 5156 occisos
664 5115 679 5153 a
694 5101 838 5171 gentilibus
865 5101 999 5171 itutrtines,

198 5189 246 5244 scd
273 5204 396 5246 semesas
421 5192 502 5247 etiarn
528 5193 637 5248 iilormu
665 5195 782 5250 earnes?
812 5196 847 5251 st
875 5196 999 5253 Tiberius

199 5280 365 5339 Caesardiud
390 5284 417 5339 in
438 5283 522 5340 Gallia
535 5296 563 5341 et
585 5286 647 5342 aiibi
672 5288 812 5343 sustulisse
831 5289 997 5359 perhibetur.

201 5374 298 5443 Quidni
314 5388 341 5431 et
356 5376 384 5432 in
398 5375 499 5443 Africa,
522 5378 601 5433 sicuti
617 5378 800 5459 Tertullianus
821 5387 874 5435 tarn
901 5380 1001 5438 diserte

199 5470 373 5542 pronundatl
388 5471 414 5525 si
437 5469 500 5541 qaid
513 5478 601 5526 autern
614 5472 640 5527 ia
659 5471 738 5543 lmjus
755 5474 890 5545 opinionis
904 5475 1001 5531 cottiis·

199 5562 344 5619 mationem
372 5564 524 5634 exenqrium
535 5564 623 5621 sintiie
632 5565 756 5623 ceniarte
769 5568 866 5634 valeat,
877 5567 941 5622 iilud
956 5568 1001 5623 ie-

198 5656 299 5729 sepims
313 5656 392 5712 uebis
412 5666 536 5729 suggeret
549 5657 682 5733 (irrepta,
697 5661 854 5734 dratiq.dud.
873 5664 891 5719 l.
903 5663 998 5720 XVIII.

200 5768 257 5821 cap.
272 5751 301 5817 t,
313 5769 374 5825 pap.
395 5751 632 5825 essecestram
656 5756 754 5827 quippe
772 5757 836 5814 iacit
857 5758 892 5815 ab
904 5758 1000 5815 eodem

201 5840 309 5899 Tiberio
322 5845 439 5901 dirutum
457 5844 533 5902 isidis
547 5847 690 5925 cenapium,
700 5849 901 5927 projectamque
914 5853 943 5911 iu
954 5853 1003 5910 Ti·

200 5932 286 5990 iterim
311 5935 371 6008 ejus
382 5945 508 6009 statuam,
523 5955 556 5997 eo
572 5941 645 6014 qued
658 5941 768 5999 Paulina
780 5945 877 6002 nobilis
902 5946 1000 6004 muller

200 6039 218 6082 a
235 6026 316 6089 liecio
330 6030 428 6090 blondo
440 6032 550 6105 juvene,
566 6033 646 6095 mam
659 6037 766 6116 daubin
789 6038 951 6112 simulante,
967 6042 996 6105 iu

1052 4923 1112 4979 licat
1137 4922 1236 4977 nriiites
1266 4924 1384 4991 disicet,
1414 4923 1458 4993 qni
1484 4932 1546 4977 tuuc
1571 4924 1620 4979 sub
1652 4924 1760 4980 Tiberio
1792 4940 1853 4995 pre-

1051 5018 1162 5073 consule
1191 5016 1342 5084 merebaut,
1368 5017 1431 5071 dunt
1459 5028 1508 5073 suo
1533 5034 1645 5075 munere
1670 5019 1853 5089 luitgerentur,

1052 5110 1151 5167 vidisse
1163 5110 1319 5167 sacerdotes
1331 5110 1357 5164 itt
1371 5109 1425 5164 iilis
1438 5109 1580 5165 arboribus
1590 5112 1717 5181 suspendi
1728 5120 1755 5169 et
1766 5122 1854 5168 strau-

1050 5206 1147 5277 guiari.
1160 5205 1259 5261 i'ernm
1274 5205 1386 5277 gentiles
1401 5220 1494 5261 eorum
1508 5206 1632 5276 exetnple
1647 5209 1733 5263 territi
1743 5208 1852 5276 quidem

1050 5298 1168 5367 inerunt,
1181 5298 1228 5355 sed
1251 5314 1304 5354 nott
1319 5299 1424 5369 penitus
1439 5301 1594 5371 expugnati.
1623 5300 1681 5357 Nea
1702 5302 1774 5357 enim
1796 5318 1855 5357 arn-

1051 5392 1121 5462 piius
1152 5390 1287 5447 audebunt
1310 5390 1424 5447 iniantes
1450 5391 1566 5449 Sammo
1591 5394 1683 5465 palam
1705 5394 1854 5461 immolare,

1052 5499 1144 5539 verum
1160 5500 1228 5539 tenne
1240 5484 1268 5538 in
1282 5483 1391 5551 occuito,
1406 5484 1444 5539 ait
1467 5484 1663 5553 Tertullianus,
1684 5498 1857 5558 perseuerauit

1052 5577 1100 5633 ltec
1112 5594 1212 5632 sacrum
1227 5578 1329 5650 sueinus
1344 5576 1441 5648 (idern,
1454 5578 1515 5635 ibid.
1529 5578 1549 5649 t.
1563 5578 1649 5633 Faisae
1673 5578 1753 5651 igitur
1770 5580 1857 5651 pieta·

1053 5668 1088 5725 tls
1103 5670 1194 5741 specie
1208 5669 1339 5725 adversus
1354 5670 1512 5726 innoeentes
1524 5670 1594 5725 iiiios
1608 5674 1784 5739 snosarnratt,
1797 5674 1857 5729 illes

1053 5770 1159 5818 secrete
1170 5771 1197 5818 ct
1219 5764 1332 5831 eccuite,
1346 5780 1378 5821 ac
1390 5762 1687 5834 spretisirnpetatemm
1697 5781 1806 5821 suoram
1816 5766 1855 5823 ie·

1050 5856 1146 5929 gibus,
1165 5866 1286 5914 mactare
1308 5873 1362 5915 nen
1387 5856 1558 5913 destitemnt.
1578 5856 1667 5929 Atque
1690 5858 1725 5914 ita
1743 5858 1854 5931 quidem

1051 5952 1193 6024 Saturnus,
1209 5953 1253 6026 qui
1268 5952 1329 6009 tiliis
1341 5952 1407 6021 suis,
1427 5951 1503 6009 utait
1518 5952 1618 6010 ductor
1634 5958 1735 6022 noster,
1755 5963 1782 6010 et
1799 5968 1849 6010 nos

1050 6044 1114 6109 aliut
1129 6044 1251 6122 ¹vidimus
1262 6045 1383 6121 (ididan
1401 6057 1425 6104 et
1440 6045 1542 6105 dissert.
1567 6047 1595 6102 in
1618 6044 1714 6104 biaut.
1739 6044 1851 6119 Oeten,
