4084 6334
224 336 279 399 sue
901 288 910 295 ’
934 328 1167 391 rennuerunt
1823 338 1888 404 suu

225 457 464 530 modomlinpam,
481 469 534 511 non
547 453 657 511 attribue
678 466 824 526 asperum,
849 466 902 509 non
919 450 1062 514 bominill
1074 460 1116 508 cst
1130 453 1222 521 edim,
1244 466 1274 508 se
1288 450 1368 510 derum
1389 466 1441 511 non
1465 469 1545 526 esse,
1566 453 1613 513 sed
1633 468 1694 513 enm
1712 470 1818 531 qnoque
1832 476 1882 518 sa-

226 558 344 621 mnltmr·,
367 568 425 606 nen
439 532 533 620 pau-ire
554 546 699 615 infestum,
722 546 816 603 sed-et
831 560 947 618 precum
964 545 1023 600 allis
1074 548 1272 620 pientissimum
1291 548 1451 619 aldmnans,
1476 551 1520 623 qui
1536 549 1604 607 deos
1617 551 1770 620 abnuebat;
1796 570 1881 625 porro

226 660 256 705 et
268 662 395 704 sonorum
414 653 444 700 ot
463 643 683 714 interpretatione
701 640 859 713 jucundum.
883 638 918 695 m
931 639 1025 710 adque
1078 642 1153 714 apud·
1163 658 1211 699 ros
1223 658 1257 698 eo
1272 644 1361 699 minus
1373 643 1499 713 sapiens,
1512 646 1573 717 quia
1584 646 1651 704 dees
1665 646 1804 717 abnuens,
1815 664 1879 707 cum

227 755 282 797 non
293 737 524 811 gladlmautcrnce
535 731 1023 806 autbestiispuniendasuntnomina.
1076 734 1138 791 idco
1153 735 1282 807 sapiens,
1306 737 1368 807 quia
1386 736 1453 793 deos
1473 738 1604 795 abnuens.
1620 738 1679 808 ero
1702 755 1778 797 more
1796 743 1881 803 etiam

263 830 292 886 1.
313 828 367 886 Sed
381 828 482 896 dicitis,
495 836 597 883 sermm
613 826 722 881 nomine
734 824 823 897 puniri
840 824 881 880 stri
896 823 1024 880 auctoris·
1077 832 1156 887 nobis
1168 831 1260 887 soletis
1276 848 1282 884 ε
1297 830 1384 887 bonrrs
1397 832 1439 887 rir
1451 831 1550 889 Lucius
1563 831 1670 899 Titius,
1688 842 1789 889 tantum
1806 836 1881 907 quod

227 924 323 981 Pmoun
330 922 461 995 quidem,
483 931 584 978 scetem
599 921 633 977 de
646 921 764 977 auctoris
777 919 956 992 appellatione
975 932 1027 975 ne·
1079 920 1265 988 Cirristianus;
1281 923 1344 978 item
1357 922 1426 978 alius
1438 941 1445 976 z
1458 934 1511 995 ego
1522 924 1606 979 miror
1616 922 1708 979 Caium
1720 924 1809 981 Seium
1821 941 1882 998 pra·

229 1016 299 1083 rael,
314 1015 408 1086 nuque
421 1013 534 1082 probum
546 1013 727 1083 usitatumque
739 1010 922 1083 inscendam
945 1010 1030 1082 pbilo-
1082 1032 1141 1073 reru
1157 1017 1241 1073 uirum
1254 1016 1353 1073 lactum
1368 1017 1561 1075 Christianum.
1582 1018 1634 1093 Pro
1656 1018 1776 1077 stultitiae
1799 1022 1880 1078 caeci·

232 1108 433 1180 sopbiqnoque
447 1107 481 1196 de
495 1107 650 1164 auemribus
662 1105 903 1177 cognominentur,
926 1106 1029 1179 Pptba-
1080 1118 1135 1165 tate
1148 1108 1327 1180 laudantque
1345 1110 1453 1179 sciunt,
1477 1112 1629 1182 vituperant
1649 1127 1710 1185 aare
1736 1115 1879 1182 nesciunt,

228 1203 318 1275 goricb
334 1200 506 1257 etl’lamnici
521 1199 578 1271 (nl,
600 1207 630 1255 ut
657 1197 754 1255 medici
793 1198 976 1265 Erasistratei,
1001 1210 1030 1253 et
1081 1211 1107 1258 ct
1122 1202 1146 1257 id
1161 1201 1231 1273 quod
1252 1203 1340 1259 sciunt
1355 1217 1389 1259 eo
1410 1203 1481 1275 quod
1502 1205 1626 1260 nesciunt
1648 1205 1751 1263 vitiant.
1773 1206 1882 1264 Nemini

204 1286 209 1290 ’
230 1296 398 1368 grammatici
413 1292 581 1351 lnsmrrbii.
591 1294 684 1364 ltaque
696 1292 718 1347 si
732 1294 914 1348 obauctorern
926 1291 1026 1347 malum
1081 1294 1203 1351 subvenit
1218 1312 1224 1349 ε
1238 1308 1272 1350 ne
1285 1294 1345 1351 ideo
1355 1295 1442 1350 bonus
1452 1296 1512 1366 quis
1524 1304 1551 1351 el
1564 1295 1698 1367 prudeus,
1713 1297 1775 1369 quia
1790 1296 1882 1355 Cirris-

230 1391 301 1447 mala
321 1400 394 1448 secta
412 1433 419 1457 ,
442 1389 538 1445 tradar
552 1389 614 1444 mali
631 1388 747 1443 omninis
774 1386 910 1458 plectitur.
927 1388 1026 1457 Atquin
1083 1388 1170 1442 tianurs
1182 1403 1190 1453 ;
1202 1380 1247 1441 aut
1260 1385 1321 1443 ideo
1333 1386 1501 1444 Christianus
1513 1430 1520 1454 ,
1534 1388 1594 1459 qrrie
1607 1387 1723 1457 prudens
1734 1401 1761 1445 et
1774 1389 1879 1458 bonus;

230 1484 382 1541 temeritate
396 1492 620 1553 praesumeretur;
636 1483 1030 1551 priusemtenguoscereauc·
1082 1496 1142 1536 cum
1169 1480 1204 1535 sit
1230 1480 1371 1535 immanius
1399 1480 1502 1535 occulta
1528 1479 1676 1537 manifestis
1701 1481 1880 1552 adjudicare,

232 1586 369 1643 torem,ut
382 1584 592 1646 cognosceretne
603 1584 777 1644 scemenum
790 1573 825 1628 de
836 1582 909 1629 secta
924 1574 1031 1645 inspec-
1083 1586 1161 1645 quarn
1175 1571 1315 1627 manifesta
1328 1571 1362 1627 de
1374 1572 1481 1628 occrdto
1498 1572 1685 1644 prejudicare.
1709 1574 1821 1645 llliquos
1837 1589 1882 1631 rc·

231 1671 333 1726 tionem
343 1670 461 1726 auctoris
472 1669 599 1724 retinere.
613 1669 644 1723 bt
660 1682 731 1723 rrnuc
744 1667 898 1722 successario
906 1667 1031 1738 ignoran·
1084 1676 1126 1721 tro
1139 1677 1201 1722 ante
1217 1666 1267 1721 boc
1283 1681 1381 1723 nomen
1393 1680 1492 1739 rages,
1506 1668 1588 1733 viles,
1604 1667 1742 1739 improbos
1766 1678 1881 1737 rromttt,

232 1764 387 1829 desectam,
402 1764 446 1833 qni
461 1762 591 1833 ignoratis
615 1772 768 1825 auctorem,
792 1772 839 1817 aut
852 1776 905 1818 non
934 1778 1030 1818 recen·
1083 1759 1241 1815 emendatos
1255 1769 1364 1831 repente
1378 1761 1525 1828 mirantur,
1542 1770 1569 1818 et
1584 1770 1673 1817 tamen
1688 1763 1779 1818 mirari
1800 1776 1882 1833 ιιιιιιιι

232 1842 607 1928 sendo-auctomm,quiancc
622 1867 721 1912 sectam
730 1857 887 1924 recensetis,
901 1856 928 1913 in
943 1830 1189 1925 sonmssa'ssequ
1209 1864 1317 1911 norunt.
1344 1853 1395 1909 ,1111
1416 1864 1487 1910 tanta
1510 1856 1693 1912 obstinatione
1712 1866 1830 1924 certant,
1854 1864 1885 1913 nt

232 1966 331 2015 nornen
348 1951 495 2026 impingitis
508 1994 514 2017 ,
527 1950 603 2022 qrrasi
624 1951 650 2005 iu
668 1951 713 2006 illo
724 1950 878 2007 detinentes
890 1961 991 2006 sectam
1004 1958 1036 2007 ec
1083 1961 1144 2001 cum
1160 1946 1219 2002 suis
1233 1948 1393 2003 utilitatibus
1406 1948 1577 2020 depugnent,
1590 1963 1658 2021 quas
1672 1949 1707 2005 de
1721 1949 1884 2006 commercio

232 2052 371 2101 auctorem
387 2060 455 2115 qrros
474 2044 586 2099 onrnino
603 2058 656 2099 nou
672 2043 766 2099 nosris.
784 2044 819 2099 Et
837 2052 927 2099 tanen
942 2042 1034 2100 Pbilo·
1083 2040 1160 2095 istius
1171 2040 1286 2094 nourinis
1301 2054 1398 2109 capere
1422 2050 1542 2111 possunt.
1566 2041 1629 2096 Scio
1650 2043 1778 2097 maritum
1801 2056 1884 2097 onum

234 2136 328 2209 sophis
336 2145 413 2209 patet
421 2136 532 2193 libertas
545 2135 759 2207 transgrediendi
775 2136 879 2192 anobis
889 2136 915 2191 in
929 2146 1031 2191 sectam
1084 2140 1164 2203 atqrie
1177 2132 1277 2199 aliurn,
1293 2134 1400 2187 enrirrm
1417 2142 1491 2189 retro
1503 2134 1538 2188 de
1558 2134 1650 2189 utens
1673 2148 1729 2189 sum
1743 2134 1884 2200 rnoribus,

233 2236 441 2285 etauctoromet
453 2243 531 2283 snrun
544 2242 651 2295 riomen,
661 2243 711 2285 ncc
722 2230 862 2300 quisquam
875 2228 928 2283 illis
940 2228 1032 2283 odium
1084 2224 1129 2295 eui
1141 2264 1149 2291 ,
1163 2238 1198 2281 nc
1210 2238 1301 2280 mures
1314 2223 1354 2297 (dl
1378 2226 1486 2295 quidem
1511 2226 1537 2287 in
1558 2226 1711 2281 cubiculum
1735 2226 1885 2297 irrepentes

234 2332 336 2391 moret,
351 2323 560 2387 anm-irnmorcs,
573 2323 649 2389 ritus,
660 2322 759 2391 cultus,
778 2324 917 2393 vietusque
927 2331 1033 2379 nestros
1086 2318 1257 2389 sinegcmitu
1269 2319 1430 2390 suspicionis
1442 2320 1608 2386 sustinebat,
1629 2330 1767 2391 comperta
1790 2334 1886 2377 caussa

234 2418 329 2485 palam·
358 2432 390 2471 ao
429 2415 534 2486 publice
565 2430 673 2471 omnem
701 2415 801 2487 eloqrrii
826 2415 1032 2472 amaritudinem
1085 2424 1161 2465 norm
1175 2410 1324 2467 sedulitatis
1337 2421 1363 2467 et
1377 2414 1509 2469 inusitate
1522 2415 1683 2486 captivitatis
1697 2415 1749 2489 (el,
1775 2428 1886 2472 omnem

233 2509 348 2564 elatrent
363 2548 371 2573 ,
385 2522 446 2564 cum
461 2508 549 2579 legum
571 2519 727 2581 contemptu
739 2552 746 2577 ,
759 2508 819 2565 siue
833 2519 957 2581 respectu
976 2525 1034 2581 per·
1086 2506 1121 2578 11)
1137 2508 1213 2562 orori
1228 2508 1382 2577 patientiam
1407 2506 1557 2573 obtulisse,
1580 2522 1693 2580 negasse
1714 2508 1884 2581 rebrypnm,

234 2615 381 2668 sonnrmn,
396 2602 547 2671 etquidem
561 2602 641 2656 ctiam
656 2603 682 2656 in
708 2602 842 2673 principes
863 2603 937 2670 ipsos
951 2603 1035 2660 liber·
1085 2599 1216 2659 maluisse
1230 2600 1301 2671 lupae
1315 2614 1394 2672 quam
1407 2597 1567 2656 Christiane
1582 2600 1706 2656 meritum
1718 2618 1725 2669 ;
1738 2594 1788 2672 ip'si
1807 2615 1885 2657 suam

236 2702 318 2748 tatem
333 2693 531 2765 suaerimpnne
542 2693 702 2765 jaculentur.
719 2692 771 2749 Sed
786 2694 925 2749 ueritatem
941 2695 1034 2751 seculo
1086 2694 1163 2751 licuit
1177 2695 1203 2749 in
1215 2710 1372 2768 perversum
1387 2697 1524 2753 demutare
1537 2706 1678 2764 naturam,
1701 2679 1806 2755 midicri
1830 2713 1886 2754 non

236 2787 455 2857 operosissimam
467 2788 619 2860 pbilosopbi
632 2786 884 2859 quidcmallcctant,
896 2789 1036 2859 possident
1088 2789 1210 2858 permisit
1231 2791 1257 2844 in
1280 2789 1376 2845 melius
1403 2790 1554 2846 reioruurri.
1573 2790 1653 2845 Pater
1665 2790 1763 2858 lilium,
1780 2790 1813 2847 de
1831 2806 1886 2863 quio

237 2893 326 2941 autem
340 2882 502 2948 Christiani;
519 2881 633 2953 ideoque
646 2881 690 2953 qui
706 2882 866 2953 possident,
882 2884 966 2955 magis
979 2883 1032 2939 dis·
1088 2884 1162 2955 qureri
1178 2882 1306 2949 desierat,
1322 2884 1513 2941 exitercdarit.
1531 2886 1657 2941 dontinus
1672 2900 1886 2958 servenequam

236 2975 356 3046 plicent,
370 2974 432 3045 auia
445 2976 493 3046 qui
508 2974 631 3043 aliecmt,
645 2976 732 3032 illudit
761 2974 799 3047 (b)
812 3018 819 3043 ,
833 2975 880 3047 nui
893 2976 1012 3048 possidet
1026 3018 1034 3045 ,
1089 2986 1219 3047 praeterea
1232 2978 1413 3033 necessarium
1426 2988 1563 3045 senserat,
1578 2980 1603 3034 iu
1619 2980 1784 3051 ergastulum
1797 2980 1884 3038 dedit.

237 3068 372 3126 delendit:
388 3069 505 3141 dariique
516 3068 642 3125 Socrates
656 3084 690 3129 et
701 3084 732 3125 ea
745 3069 972 3141 partedamuatuc
982 3079 1034 3136 cst,
1088 3070 1173 3127 Siruul
1187 3071 1247 3143 quis
1261 3071 1424 3128 intellexerit
1436 3068 1638 3140 Gbristlaruun,
1662 3072 1764 3127 rnarult
1783 3088 1886 3129 nocen-

235 3162 297 3234 qnia
309 3161 419 3233 propius
432 3172 583 3220 tentaverat
595 3162 751 3230 veritatem,
766 3162 832 3221 deos
848 3175 953 3223 uestros
972 3166 1070 3266 des-C
1088 3174 1151 3221 tem.
1168 3164 1234 3220 llam
1248 3172 1275 3221 et
1288 3166 1344 3236 ipsa
1367 3179 1417 3237 per
1430 3180 1460 3221 se
1483 3164 1631 3222 traducitur
1653 3165 1813 3239 disciplina,
1834 3182 1887 3224 nec

238 3247 352 3314 terrendo
370 3272 378 3313 :
395 3271 545 3329 quanquam
570 3256 690 3313 nondum
711 3266 774 3314 tunc
794 3259 914 3317 interris
934 3275 1034 3319 nomen
1087 3258 1194 3323 aliunde
1216 3258 1364 3330 prodimur,
1381 3274 1459 3331 quam
1471 3260 1506 3317 de
1526 3259 1597 3316 bono
1617 3260 1760 3317 aestuosi
1775 3271 1802 3316 ct
1823 3260 1886 3317 mali

238 3353 435 3421 etelstanum,
474 3362 565 3410 nmen
587 3354 686 3410 ueritas
713 3368 822 3426 sempor
844 3354 1033 3413 damnabatur.
1087 3351 1126 3425 (a)
1137 3352 1171 3407 de
1183 3366 1232 3409 suo
1243 3351 1314 3407 malo
1326 3352 1448 3419 radiant,
1462 3366 1511 3409 cur
1525 3366 1575 3408 nos
1588 3352 1638 3437 soli
1654 3363 1746 3409 contra
1762 3354 1882 3409 instituta

235 3448 328 3519 ltaque
341 3456 369 3503 et
382 3446 531 3519 sapientem
545 3462 599 3502 non
610 3446 759 3519 negabitis,
773 3446 816 3504 cui
831 3447 913 3503 etium
923 3447 1039 3521 Pytbins
1088 3454 1189 3499 nature
1200 3445 1308 3515 pessimi
1322 3445 1356 3501 de
1368 3447 1438 3501 bono
1457 3444 1635 3501 denotamur?
1650 3445 1719 3514 Quid
1733 3446 1803 3501 enim
1819 3444 1884 3501 insi·

237 3552 328 3600 uester
340 3543 522 3599 testimoninm
544 3541 650 3597 dixerat
663 3540 823 3612 elicorum,
847 3542 950 3614 inquit,
976 3558 1036 3600 om·
1087 3558 1139 3614 grie
1151 3542 1318 3613 praelerinrus
1328 3584 1335 3610 ,
1347 3541 1397 3597 nisi
1410 3541 1522 3612 primam
1534 3542 1708 3613 sapientiam,
1724 3556 1776 3613 qua
1792 3540 1886 3596 lrirob

238 3638 311 3693 nium
337 3639 464 3696 Socrates
488 3634 702 3706 sapientissimus
724 3631 770 3706 (c).
794 3633 864 3691 Vicit
882 3636 1035 3707 Apollinem
1089 3638 1213 3693 lrurnanae
1227 3634 1884 3707 manusnpcrauctredoramus;abstinentiam,
1937 3620 1943 3625 ⁵

240 3729 357 3799 recitas,
371 3728 472 3800 etipse
485 3727 614 3785 aduersus
626 3742 657 3785 so
677 3725 882 3798 pronuntiaret;
895 3732 1035 3790 consessus
1087 3748 1138 3804 qua
1152 3730 1186 3787 ab
1207 3730 1296 3787 alieno
1319 3738 1515 3801 temperamus:
1537 3728 1711 3800 pudicitiam,
1734 3742 1813 3799 quam
1836 3742 1887 3785 nec

846 3870 1038 3930 ceolredus
1055 3868 1262 3930 lantelmus.

267 4009 306 4075 (1)
322 3996 723 4071 recommendationem.

913 4112 1195 4175 COMMENTARIUS.

280 4256 321 4329 (a)
335 4253 359 4309 P
378 4253 504 4325 rimamini
518 4262 542 4307 et
557 4250 694 4306 Platonici.
710 4250 819 4307 Dixerat
832 4238 909 4309 autea
923 4251 950 4308 in
962 4252 1036 4322 apol.
1088 4256 1214 4312 llinutius
1226 4252 1300 4311 retu
1316 4272 1321 4307 :
1336 4254 1486 4326 Quarrqncm
1500 4252 1522 4308 ri
1538 4250 1737 4323 plrilosopltandi
1749 4251 1827 4308 libido
1840 4260 1887 4319 eat,

242 4326 339 4383 Nonne
350 4269 503 4393 1111101ορ1ιί
514 4323 546 4378 de
557 4323 703 4377 urrctoribrrs
715 4323 767 4378 suia
782 4332 961 4395 nuncupantur
975 4324 1039 4380 Pla·
1089 4327 1222 4383 Socratem
1236 4328 1369 4397 capieutire
1385 4324 1542 4395 Principem,
1554 4324 1666 4395 orrisuuis
1679 4334 1788 4379 oestrum
1803 4334 1889 4379 tuntas

240 4399 337 4466 tetrici,
355 4395 490 4467 Epicurei,
508 4393 696 4467 Pptlraporici?
714 4392 760 4449 Sic
771 4392 917 4449 Christiani
937 4396 1037 4466 glorio·
1089 4406 1136 4463 est,
1149 4400 1171 4453 si
1181 4400 1299 4470 potuerit,
1311 4399 1433 4453 imitetur.
1446 4395 1512 4468 Ejus
1525 4398 1580 4461 riri,
1596 4397 1692 4467 quoties
1703 4394 1735 4449 de
1748 4394 1889 4451 celestibus

243 4486 303 4525 sum
314 4470 364 4525 sibi
375 4468 506 4523 ducebant
517 4467 592 4520 ducis
609 4466 650 4521 soi
663 4465 772 4521 nonriue
794 4464 946 4538 indigetari,
967 4468 1039 4525 unde
1089 4470 1236 4543 recabatur,
1248 4480 1308 4527 crota
1318 4470 1447 4539 responde
1460 4478 1496 4524 est
1507 4484 1516 4521 :
1529 4468 1593 4536 Quae
1609 4482 1688 4537 supra
1700 4482 1759 4535 uros,
1776 4466 1842 4525 uiltil
1854 4467 1889 4524 ad

239 4542 448 4613 chrysostomus
462 4539 496 4594 dc
511 4536 542 4592 Β.
565 4536 692 4592 Lucieno.
708 4548 779 4599 uotae
791 4540 817 4593 εἴ
831 4543 1039 4611 πατριδιῃκρι-
1091 4556 1149 4598 nos.
1169 4542 1254 4597 ldenr.
1469 4587 1474 4597 ,
1614 4582 1615 4585 ,

237 4624 329 4675 aemule
342 4618 405 4681 εἰμι,
418 4621 484 4685 enei.
496 4620 522 4665 ri
533 4617 594 4678 ἔχεις
607 4612 763 4677 ferculorum,
772 4614 916 4679 xpiane-ade
927 4615 986 4678 cipe.
1003 4622 1037 4666 τί·
1127 4612 1166 4687 (d)
1182 4613 1224 4669 Nc
1237 4630 1320 4669 ttlllles
1331 4612 1432 4683 (lltt'delll
1444 4614 1591 4680 irrepebids.
1609 4609 1676 4665 Cium
1692 4609 1749 4665 ilaec
1761 4608 1889 4665 813111191οῑ

237 4708 278 4749 νας
291 4696 414 4757 προγόνους
426 4703 432 4746 ;
445 4685 490 4736 bit
501 4691 557 4753 πρὸς
572 4683 668 4736 &aarum
679 4687 956 4753 ἔλεγεν,ὄτιΧριστια-ιὸς
971 4688 1038 4752 εἰμιῑ
1051 4702 1078 4762 1)
1091 4685 1248 4757 5911111111ιὸ,
1264 4686 1379 4741 ilabebat
1388 4684 1415 4739 iu
1427 4693 1516 4739 menie
1528 4683 1592 4737 illud
1606 4682 1755 4749 JttrcnaliS,
1769 4680 1890 4738 Teallsstll

238 4759 348 4829 cujusce
365 4755 495 4827 relipionis
505 4754 518 4807 ?
530 4752 690 4808 Christianus
704 4769 769 4808 sarria.
787 4752 870 4819 Quum
884 4764 964 4808 artem
977 4772 1038 4825 pro-
1091 4758 1138 4812 eibi
1152 4760 1267 4815 conracius
1281 4758 1347 4813 utrde
1360 4758 1425 4828 pupi!
1439 4772 1503 4811 aruris.
1524 4754 1584 4811 ch.

238 4828 338 4898 pteris?
352 4828 511 4883 Christianus
533 4823 682 4890 cuinullum
700 4825 775 4879 lrabes
792 4824 964 4893 romanello
979 4843 1051 4887 uero.
1126 4830 1164 4901 (c)
1178 4829 1314 4884 inusitate
1323 4828 1486 4896 captiuitatis.
1500 4826 1564 4895 Qrue
1575 4827 1630 4897 jun
1643 4824 1793 4881 Christiana
1807 4824 1887 4891 breta,

207 4934 212 4939 -
237 4899 272 4953 ad
286 4900 372 4954 onrnia
384 4896 530 4969 reponebat,
539 4895 775 4951 Caristianmsunr.
789 4895 884 4951 Lel'u.
1089 4901 1169 4955 dutrm
1185 4902 1277 4972 pedem
1290 4902 1333 4956 rix
1348 4899 1493 4966 sufferebat,
1510 4898 1590 4953 rebus
1608 4897 1763 4953 ‹lorrtosticis
1774 4904 1886 4962 attenta,

272 4970 313 5044 (b)
330 4971 398 5038 Quia
409 4970 452 5040 qui
464 4966 565 5035 affectat
579 4967 696 5022 includit.
712 4967 847 5035 includit,
863 4967 890 5022 in
904 4967 1037 5041 uputoge-
1089 4974 1164 5043 qrrasi
1180 4975 1235 5040 ipsa
1249 4973 1299 5028 sibi
1312 4971 1493 5039 captiuitatem
1507 4968 1656 5035 indixisset,
1675 4986 1734 5038 nrum
1745 4979 1825 5024 antea
1837 4982 1887 5024 ra·

234 5042 297 5098 tice.
313 5042 455 5107 adulterat.
467 5038 528 5095 th.
1088 5062 1120 5116 ga
1135 5054 1161 5100 ct
1176 5043 1269 5100 effreni
1283 5043 1393 5099 libidine
1409 5042 1461 5097 buc
1478 5042 1538 5097 illuc
1551 5040 1695 5096 serebatur.
1712 5039 1796 5095 idern.

271 5114 309 5186 (e)
330 5112 447 5167 Virorum
458 5155 465 5178 ,
476 5111 575 5179 inquit,
590 5110 701 5165 ortuuium
719 5108 848 5165 Socrates.
865 5108 979 5184 Vulgare
994 5122 1037 5169 cst
1125 5116 1159 5191 (l)
1175 5114 1282 5173 Omnem
1306 5116 1379 5170 uxori
1398 5114 1554 5184 patientium.
1575 5114 1718 5169 Gorrtiliunr
1739 5120 1886 5168 consuctu-

234 5186 364 5257 llpollinis
375 5186 484 5240 oraculo
495 5182 633 5239 Socratem
649 5182 801 5237 ritortaliuur
817 5184 935 5238 ortrniurn
951 5183 1033 5241 luisse
1087 5189 1176 5245 dinem
1197 5198 1224 5243 ct
1245 5188 1376 5259 pessimos
1393 5202 1481 5241 rnorcs
1503 5200 1533 5239 ac
1553 5186 1770 5254 corruptissimos
1792 5184 1885 5254 tarrgit,

231 5257 461 5327 sapientissimum
475 5256 600 5327 :despue
614 5258 723 5309 uacuam
736 5259 864 5329 Σωκράτης
878 5264 1031 5328 rosumere:
1085 5261 1156 5331 apud
1167 5275 1234 5330 queis
1248 5260 1359 5322 maritus
1374 5256 1506 5329 proluudo
1519 5272 1613 5313 somno
1628 5257 1776 5311 iuraturum
1795 5256 1886 5325 sepul-

230 5328 303 5385 uudc
316 5327 440 5384 valerius
454 5325 523 5381 llus.
537 5327 585 5383 bb.
600 5324 647 5380 111.
665 5339 690 5380 c.
704 5326 731 5380 d.
751 5326 870 5392 Socrates
884 5344 937 5382 eron
949 5328 1033 5384 solum
1086 5343 1195 5402 utruque
1210 5346 1239 5387 se
1256 5331 1335 5386 ueluti
1350 5330 1454 5387 ebrium
1470 5328 1592 5397 simulat,
1607 5338 1635 5383 ct
1652 5338 1680 5383 ut
1693 5326 1774 5386 babet
1785 5326 1883 5384 lurco.

230 5401 361 5456 bominum
376 5414 516 5463 consensu,
536 5412 623 5452 ummo
634 5398 711 5452 ctiam
720 5397 846 5467 Apollinis
864 5401 967 5454 oruarto
986 5417 1031 5455 so·
1084 5404 1142 5461 Sunt.
1158 5404 1178 5459 l.
1327 5409 1330 5417 '

229 5471 403 5543 pientissimus
413 5468 545 5538 judicatus
559 5478 605 5523 ert.
622 5468 656 5523 m
669 5468 811 5524 Salviamts
826 5470 872 5525 111).
887 5472 914 5527 8.
930 5471 964 5527 dc
982 5487 1031 5541 gu-
1404 5516 1406 5522 .

226 5544 400 5600 bernatione:
411 5539 509 5596 Gotrtra
524 5540 640 5610 seipsum
654 5550 744 5597 tanuen
755 5542 851 5611 Apollo
863 5542 973 5613 l'yrbius
987 5544 1027 5597 ln·
1382 5534 1474 5587 D⁰el¹1⁸
1485 5542 1598 5601 spectare
1610 5536 1720 5597 11011111,

226 5625 304 5671 cutus
325 5622 386 5676 cst,
408 5620 435 5667 et
456 5611 555 5666 rcritas
581 5613 703 5680 superior
724 5614 842 5680 exstitit,
863 5612 927 5667 dnm
950 5620 1022 5669 enim
1141 5620 1236 5673 Doctus
1247 5622 1274 5669 et
1284 5618 1314 5669 ad
1325 5616 1426 5670 calicem
1439 5619 1548 5683 vigilanti
1559 5626 1669 5673 stertere
1682 5632 1749 5671 uaso.

225 5688 363 5743 Socratem
379 5684 516 5739 lrorninum
537 5682 763 5750 sapientissimum
780 5686 976 5754 pronuntiarit,
992 5700 1023 5740 se

225 5758 305 5813 deum
328 5770 388 5811 csse
413 5754 528 5823 ricgaril.
551 5752 676 5807 Socrates
702 5754 800 5823 quippe
826 5755 897 5825 quod
920 5755 1020 5812 deuiis
1075 5751 1124 5808 llic
1139 5753 1164 5807 in
1174 5748 1332 5805 Christianis
1344 5747 1410 5804 nibil
1423 5750 1555 5823 ejusmodi
1569 5755 1768 5809 uitoccnrrere.
1782 5750 1820 5807 Le
1833 5748 1882 5804 ln.

225 5827 296 5883 male
314 5828 436 5889 sentiret,
452 5826 486 5879 ab
500 5823 707 5878 ,ltbenionsibus
723 5824 771 5877 lun
790 5826 815 5879 in
828 5826 959 5895 judicium
974 5842 1020 5882 ro·
1112 5824 1149 5895 (g)
1164 5822 1228 5877 lluii
1240 5820 1272 5875 de
1282 5838 1328 5877 ruo
1341 5818 1408 5876 malo
1420 5840 1471 5879 rron
1484 5826 1596 5881 radiant.
1610 5825 1733 5898 lusigues
1748 5822 1824 5891 liunt,
1838 5822 1884 5879 de·

224 5908 309 5968 catus,
323 5907 351 5953 et
364 5906 451 5953 ritorto
464 5895 615 5949 darurmtus.
630 5894 798 5950 Atterrdenda
810 5912 872 5953 reru
886 5910 948 5955 sum
961 5914 1020 5970 que
1075 5902 1266 5960 monstrantur,
1282 5894 1498 5954 denominantur.
1519 5896 1583 5953 Rra.
