4084 6334
141 282 195 342 985
698 292 927 355 otsssttratto
944 296 977 354 b.
997 296 1043 357 ts
1062 298 1214 363 nonunt.

1651 316 1792 380 -sod

140 397 284 469 alirejsssi
292 406 361 467 seat,
371 398 504 457 marna
513 402 644 475 propriam
653 410 791 482 professes,
802 410 939 480 disciplina
951 410 978 473 Δ
991 422 1101 485 propter
1112 418 1200 475 scelus
1210 420 1318 493 aliquod
1328 431 1375 480 aut
1392 425 1530 499 conjectus
1545 429 1571 486 io
1581 444 1729 499 carcerem,
1743 441 1791 492 aut

140 490 327 573 ssonserulsm
337 493 423 565 infecit
436 494 540 567 (Senes.
554 497 599 554 lii.
615 499 647 555 de
661 500 755 557 Goasol
781 502 814 557 ed
833 502 939 561 Haud.
991 506 1025 561 ad
1038 506 1137 565 bestias
1149 510 1303 579 damnatus,
1318 516 1365 573 sed
1388 532 1465 576 suarm
1485 522 1615 579 inaurat
1625 524 1661 580 ob
1679 541 1789 598 nomeu,

140 598 199 655 rap.
212 583 257 651 lll,
279 600 339 657 paq.
360 585 434 658 ist).
458 589 530 647 aliid
554 602 643 649 antem
670 594 726 663 ille,
748 596 817 652 sieut
838 597 940 656 Plinius
990 602 1063 674 quod
1079 605 1146 662 rrilrll
1161 608 1239 673 plane
1259 611 1321 667 nrali
1337 612 1461 691 babebat.
1474 616 1565 673 Palam
1581 619 1652 676 enim
1670 629 1698 676 et
1716 636 1792 680 asse·

141 676 240 745 (Ptin,
270 678 366 737 libili
387 692 473 739 natm.
490 682 629 758 ilistcop.
654 687 699 756 l'l,
726 706 785 762 pop.
807 690 890 762 ius),
911 699 941 750 et
991 706 1116 755 roranter
1136 698 1316 760 Tertullianus
1332 705 1467 763 albrmat:
1488 709 1582 767 Nullus
1596 712 1649 770 illic
1669 713 1790 770 elarisdo-

140 768 320 841 llieroapunrs
341 773 679 851 Apicii(11ierorran.,lr'lr.
696 782 717 838 ll
746 784 806 839 ado.
824 784 940 861 dorin.)
990 805 1049 857 auo,
1063 791 1113 845 nisi
1125 791 1173 846 boo
1193 802 1290 848 tantane
1308 807 1418 868 propter
1441 814 1519 856 sutrin
1541 818 1638 859 nornen
1650 820 1657 855 ι
1669 814 1714 859 ast
1727 806 1749 860 ei
1766 814 1790 861 et

139 862 251 936 ejusque
270 864 440 924 belluatiorris
459 880 487 927 ct
501 871 639 931 irnmeosar
658 877 728 948 godae
747 878 938 941 raeminerrmt.
990 884 1072 951 aliod,
1089 883 1115 941 id
1127 896 1179 954 est,
1190 888 1311 958 capitalis
1324 889 1436 957 alieuius
1444 894 1554 952 sceleris
1568 911 1630 953 reus
1639 906 1666 953 et
1679 898 1790 955 aarrvie·
1841 926 1846 939 ·

138 953 207 1011 Tres
228 971 309 1026 porro
329 956 505 1019 casaubonus
525 974 600 1021 notat
616 967 735 1039 spicios,
751 984 852 1042 eosque
869 973 954 1055 ports·
992 985 1043 1039 tos,
1065 979 1119 1042 ianr
1137 994 1188 1035 aaa
1211 980 1365 1039 eluerimus
1386 982 1551 1059 (Tertulliano.
1576 987 1626 1043 loc.
1649 989 1717 1055 eit),
1742 990 1790 1048 sed

138 1044 204 1103 nitio
226 1046 339 1106 infames
360 1048 517 1116 (bumbos.
537 1056 565 1111 ia
588 1058 633 1113 lii.
661 1057 794 1115 llAtben.
819 1078 877 1134 cap.
905 1065 937 1135 d,
989 1068 1143 1127 christianae
1164 1072 1302 1145 religionis
1321 1086 1442 1147 apostata
1457 1089 1482 1135 et
1499 1079 1630 1139 desertor.
1644 1081 1790 1156 Nibilerqo

137 1157 200 1212 paq.
221 1142 257 1197 22
274 1145 406 1217 etseq).
434 1145 463 1203 lu
488 1152 622 1219 superiori
639 1162 731 1211 autem
749 1156 939 1216 dissertatione
990 1163 1117 1235 iniquius,
1134 1164 1273 1224 acdirinis
1284 1178 1311 1225 et
1325 1168 1450 1228 humanis
1469 1173 1572 1246 legibus
1586 1176 1671 1247 magis
1684 1186 1792 1233 eontra·

140 1230 260 1303 (maai.
274 1235 301 1289 in
315 1235 412 1293 Arnai.
428 1255 486 1310 esp.
499 1241 546 1307 so,
560 1253 611 1299 art.
623 1246 652 1315 lp
667 1262 720 1302 auo
742 1249 825 1305 semel
846 1251 939 1308 citavi·
990 1256 1070 1322 rium,
1082 1270 1161 1328 quam
1174 1250 1329 1319 irrdmeates
1340 1262 1522 1327 christianos.
1537 1280 1672 1337 orrnquam
1684 1268 1790 1325 ariditas

137 1339 199 1380 mus
212 1326 299 1396 Apicii
323 1329 358 1386 de
378 1331 410 1389 ‘re
431 1335 585 1405 ampinana
608 1338 706 1395 editam
731 1346 940 1402 eomrrentatio·
989 1346 1166 1413 etdeleosos,
1182 1353 1358 1410 suumsolum
1375 1353 1523 1412 abdomen
1537 1357 1738 1427 condemnare,
1757 1375 1790 1419 ae

137 1432 211 1474 nem.
224 1418 316 1493 lisque
337 1439 435 1496 magno
455 1426 547 1486 labore
563 1432 642 1489 uobis
667 1438 848 1507 persuadebis,
866 1441 939 1501 bunc
989 1440 1152 1510 quibuslibet
1163 1445 1328 1517 pravissimis
1346 1448 1485 1520 suppliciis
1500 1452 1689 1510 escornilloare
1700 1463 1729 1511 et
1741 1469 1789 1510 ue-

137 1526 209 1580 esse,
226 1512 327 1588 dequo
341 1516 522 1584 Tertullianus
536 1523 662 1596 loquitur.
989 1534 1089 1593 adore.
1485 1557 1490 1563 '

173 1605 209 1660 tlt
228 1607 389 1682 quicumque
410 1613 500 1681 luerit,
523 1617 612 1675 nullus
639 1630 729 1679 taurea
758 1627 867 1697 gentilis
889 1644 939 1683 uo·
1196 1634 1204 1641 ’
1281 1672 1395 1735 CAPUT
1412 1676 1493 1737 xpm

136 1710 218 1767 qnam
239 1698 307 1756 dixit
327 1712 437 1775 propter
460 1706 539 1775 illius,
554 1719 600 1767 sot
613 1711 727 1769 aliorum
747 1731 817 1788 tqrtos
843 1734 938 1777 reeen-
1496 1719 1504 1735 ⁸

136 1788 543 1857 surmus‚501pm„0,.10n0q10
562 1804 669 1876 pignam
680 1822 742 1866 0330
760 1812 908 1870 inspiratam
922 1832 938 1872 ῃ
952 1814 977 1877 Β
992 1811 1077 1881 Queat
1096 1811 1205 1867 absurde
1223 1812 1317 1867 eldrici
1331 1814 1484 1889 objectarent
1499 1832 1526 1871 se
1547 1817 1581 1872 od
1601 1818 1728 1877 oesandos
1742 1836 1788 1877 ae·

136 1881 258 1949 quolibet
278 1899 391 1955 sectam,
412 1890 463 1947 nisi
487 1894 561 1964 prins
581 1899 734 1958 eonstiterit
752 1903 778 1958 in
791 1920 823 1961 eo
837 1906 938 1979 aliquid
1022 1905 1169 1976 carrdosqse
1193 1906 1344 1962 cleristiauos
1363 1907 1513 1978 quidusdam
1533 1910 1586 1966 srer‘e
1607 1910 1705 1983 ieqilus
1718 1921 1789 1967 terre-

136 1987 198 2030 eae
222 1977 296 2033 matt.
311 1979 432 2039 marrae
450 2000 516 2056 erpo
531 2002 584 2044 noo
608 1990 744 2049 tenram
756 1996 847 2055 masse
859 1999 948 2057 cura..
1024 1997 1057 2063 π’.
1072 1997 1116 2067 oui
1135 1997 1257 2069 proruta
1270 2000 1407 2055 aaaron.
1426 2010 1477 2055 tue
1497 2016 1574 2072 eune.
1589 2018 1666 2073 otuu
1686 2004 1790 2077 rapam

136 2064 249 2135 stianos,
266 2085 317 2127 nee
331 2082 441 2145 propter
453 2090 549 2145 surim,
570 2097 620 2139 nee
632 2096 743 2155 propter
763 2092 881 2148 auctoris
894 2094 938 2151 sui
1023 2091 1159 2148 titinium·

136 2171 246 2229 nomen,
260 2161 312 2219 nisi
337 2166 505 2237 exploratum
528 2183 591 2232 aare
615 2176 773 2237 habuissent
794 2183 856 2241 illos
876 2201 953 2262 esse,

136 2250 232 2335 malos.
245 2252 327 2327 Atqui
337 2256 395 2328 jam
409 2264 577 2321 ostendimus
596 2270 705 2326 eosdem
718 2274 832 2343 gentiles
850 2292 937 2349 neque

135 2342 259 2409 sciuisse,
273 2352 451 2420 aequescire,
464 2366 511 2410 aut
533 2356 670 2431 inquirere
684 2378 801 2435 rrrrqnsm
816 2369 937 2429 reoluissc

135 2442 225 2493 ererum
243 2436 281 2493 mi
301 2439 401 2515 aliquid
422 2456 542 2517 mrem,
558 2450 629 2521 quod
648 2452 712 2510 odio
725 2465 753 2513 e,
812 2475 846 2514 m
864 2470 937 2519 essm
1023 2416 1238 2484 oelarretoritate,
1254 2415 1335 2471 alluat
1350 2417 1477 2473 lrourineur
1491 2419 1548 2490 ooqi
1569 2434 1642 2487 posse
1662 2420 1697 2473 ad
1718 2435 1787 2487 enrrr,

133 2532 362 2600 prosequendum,
767 2472 811 2529 ΡΨ
1023 2525 1096 2579 rpaem
1119 2510 1214 2581 salsum
1240 2511 1319 2577 norit,
1334 2509 1410 2565 derina
1439 2511 1584 2577 colendam,
1598 2522 1643 2568 out
1664 2512 1743 2567 asiais
1757 2512 1790 2568 ii-

170 2620 270 2677 Cman
284 2634 373 2683 rame„
398 2630 500 2694 „emim
523 2648 636 2704 prmus
657 2636 855 2713 incomestum
878 2655 937 2704 em
1023 2602 1146 2710 dertatear
1164 2602 1253 2670 adiuti,
1269 2620 1345 2676 quam
1359 2620 1444 2660 ueram
1463 2605 1550 2672 credit,
1570 2606 1717 2679 reliqionerrr
1731 2623 1788 2661 ara-

133 2708 302 2772 cbristianos
312 2733 359 2773 suo
372 2718 460 2789 titulo,
476 2724 533 2780 siue
545 2742 623 2783 soaor
644 2728 775 2788 duntaxat
788 2733 824 2789 ob
837 2751 935 2794 nomen
1024 2693 1156 2767 ''mm‘'

132 2804 240 2864 actibus
260 2826 294 2865 ae
313 2816 454 2872 sententiis
477 2819 620 2889 presidum
640 2825 730 2880 statim
749 2827 934 2897 condemnari,
1023 2830 1143 2889 Gentiles
1165 2833 1192 2888 iu
1211 2848 1331 2891 sumanus
1349 2831 1487 2906 aagrrstias
1509 2832 1628 2900 adducti,
1644 2832 1677 2891 ad
1701 2833 1788 2905 lcqrun

132 2908 216 2981 alque
229 2901 311 2976 oblati
325 2904 378 2963 illis
390 2906 505 2966 lucrant.
521 2910 588 2967 Naar
603 2926 713 2985 propter
727 2916 779 2975 boe
792 2920 878 2992 ipsum
890 2938 936 2980 so-
986 2936 1095 2979 suarum
1115 2926 1322 2993 arretrrritatcm,
1344 2928 1471 2996 tatrquntir
1492 2926 1615 2981 ultimum
1639 2942 1789 2999 propugno·

131 2992 189 3049 lum
200 3011 298 3053 nomen
311 2998 346 3055 ab
359 3000 714 3077 illiseondemnsri'oestros,
729 3013 781 3069 boo
792 3025 845 3084 est,
860 3016 934 3088 jodi-
985 3016 1086 3083 crrlrrm,
1109 3017 1255 3090 eorrlupore
1283 3019 1444 3076 nitebantur.
1470 3019 1596 3087 Nostris,
1623 3020 1787 3092 inquiebant,

129 3098 205 3150 0⁰⁰³,
220 3086 356 3159 iuqrnebar
373 3090 562 3167 Tertullianus,
581 3102 640 3171 joar
656 3113 828 3166 contestamur
850 3119 933 3179 actes,
985 3108 1177 3181 adstringimur
1187 3112 1301 3184 legibus,
1317 3128 1377 3184 qne
1389 3114 1548 3185 precipiunt
1558 3114 1648 3170 serari
1663 3114 1789 3170 cbristia·

129 3179 177 3249 qai
187 3182 298 3250 quotidie
312 3186 458 3251 iudicandis
471 3192 603 3260 custodiis,
627 3194 653 3251 id
668 3205 719 3265 est,
738 3202 841 3258 carceri
856 3211 969 3275 ruso-C
986 3216 1047 3269 nos,
1063 3211 1090 3258 ot
1103 3203 1136 3258 ad
1153 3204 1363 3261 internecionem
1378 3220 1464 3275 usique
1477 3206 1636 3263 excruciari.
1651 3206 1733 3263 Nobis
1745 3222 1789 3263 cr·

130 3272 239 3342 cipotis,
261 3278 422 3353 presidens,
446 3284 491 3353 qui
509 3288 640 3342 sententiis
670 3291 754 3363 alapia
780 3292 935 3367 dispuaqitis
985 3308 1030 3364 qo,
1045 3293 1079 3350 sd
1090 3310 1138 3351 eos
1153 3299 1326 3367 torquendos,
1338 3299 1408 3355 scire
1420 3298 1518 3355 sulbeit
1534 3314 1626 3357 revera
1641 3314 1702 3355 esse
1714 3300 1788 3356 cbri-

129 3365 296 3438 (Tffllm‘lll
319 3373 452 3446 Apolapet.
475 3378 591 3448 “libus
613 3397 674 3453 pap.
688 3382 766 3457 tao),
792 3386 850 3443 siue
871 3404 933 3444 reo·
985 3388 1099 3451 stiaoos,
1117 3402 1166 3443 nec
1191 3388 1237 3460 qai
1259 3391 1389 3459 qualesve
1411 3392 1466 3446 sint
1492 3392 1608 3462 amplius
1632 3392 1788 3463 perquiren-

130 3472 193 3513 rum
220 3464 407 3520 accersatioues
432 3470 609 3537 eranrinatis3
631 3475 760 3545 numquid
782 3476 851 3533 inter
874 3480 934 3537 illos
984 3478 1048 3533 darm
1058 3478 1177 3550 (i'ertrrli.
1193 3480 1327 3553 apatapet.
1342 3498 1364 3537 c.
1375 3482 1402 3546 5,
1417 3499 1443 3554 p.
1456 3480 1530 3555 282).
1546 3482 1598 3539 Sed
1610 3482 1789 3540 Tertullianus

130 3565 228 3609 omum
242 3553 339 3626 aliquis
363 3556 487 3613 iuventus
508 3571 552 3617 cst
573 3564 696 3633 sicariae,
711 3581 759 3624 seu
781 3568 934 3627 homicidae
985 3572 1131 3641 respondet
1145 3586 1239 3629 uanam
1254 3588 1315 3630 osse
1329 3589 1361 3629 ao
1382 3575 1460 3645 plane
1472 3575 1614 3633 absurdam
1630 3576 1699 3632 bane
1710 3592 1790 3649 argir-

127 3659 196 3699 num
213 3645 312 3717 aliquis
326 3650 606 3725 rrmrrtieuiarius(llid.
616 3656 659 3729 (Ι).
670 3657 740 3715 Fest.
750 3659 784 3714 ad
797 3676 821 3715 o.
835 3662 932 3721 Manti-
985 3664 1189 3733 ntentutionear,
1206 3674 1232 3721 et
1252 3666 1381 3736 ipsosmet
1395 3666 1518 3723 etbuicos
1530 3667 1571 3724 sie
1581 3668 1743 3741 alloquitur:
1760 3668 1789 3727 Si

1255 2222 1400 2264 aurrcutus
1415 2224 1520 2265 rursus.

989 2320 1087 2387 Quibus
1101 2322 1241 2376 rationibus
1256 2322 1428 2379 Tertullianus
1442 2324 1556 2379 ostendat
1571 2325 1652 2391 nulla,
1670 2327 1708 2381 tel
1722 2325 1786 2399 leqe,

126 3738 269 3812 calasius),
285 3741 343 3796 sire
354 3742 399 3813 qui
413 3745 558 3815 repositam
574 3747 600 3803 in
611 3748 724 3805 aliorum
737 3755 880 3825 nrarsupiis
891 3772 934 3826 pe·

127 3831 237 3887 eteniam
258 3833 362 3891 iuratus
382 3837 437 3892 sit?
460 3855 523 3893 nrrrrr
545 3842 643 3913 aliquis
663 3844 804 3902 boantium
832 3850 930 3919 prado,

127 3934 187 3992 arri,
204 3936 232 3980 ιιι
244 3927 308 3983 alibi
323 3930 399 3999 dixit,
417 3934 460 4004 [ur
474 3932 638 4004 tatoemmo,
653 3939 698 4011 qui
713 3939 858 3997 lavantium
873 3958 932 3999 res·

128 4024 171 4073 tes
186 4027 232 4074 sut
242 4032 383 4092 argentum
395 4025 582 4095 subripiebat?
594 4031 628 4085 bt
641 4042 715 4089 certe
727 4034 753 4087 iri
767 4048 862 4091 omnies
875 4037 932 4093 etb-

127 4110 182 4165 nici
197 4112 387 4187 essartapoia·
400 4117 509 4187 Apoloq.
525 4119 539 4175 l
558 4131 620 4177 ante
635 4122 708 4193 pin),
729 4134 758 4180 et
776 4126 879 4184 nnllurrr
894 4128 930 4185 ibi

128 4204 271 4261 invenistis
288 4207 441 4280 cirristiann
463 4213 600 4285 religionis
629 4232 721 4273 uerum
755 4230 928 4278 sectatorem.

127 4294 187 4351 Non
200 4298 272 4353 cuim
286 4299 321 4355 de
336 4310 445 4369 austris,
461 4305 546 4375 pergit
565 4306 757 4380 Tertullianus,
772 4313 820 4369 sed
835 4314 867 4369 de
887 4331 929 4371 oe·

126 4390 188 4444 siris
208 4406 307 4461 semper
328 4404 418 4449 resinat
442 4411 529 4451 curaer
558 4398 657 4471 (Plorat.
681 4402 778 4475 captio.
799 4418 851 4462 oct.
875 4408 927 4476 lv,

983 3750 1119 3829 perleges
1143 3764 1247 3815 uestras
1271 3758 1311 3815 las
1334 3767 1363 3817 et
1377 3775 1487 3818 necesse
1509 3764 1609 3833 putatis
1627 3761 1789 3819 elrristiaaos

983 3848 1118 3905 inauditos
1129 3858 1157 3905 et
1168 3850 1321 3908 indeleasos
1332 3852 1512 3909 erundemnare
1523 3894 1531 3919 ,
1551 3855 1601 3909 sira
1621 3852 1787 3927 profitemini,

982 3953 1006 3996 et
1020 3943 1133 4013 iniquam
1153 3960 1183 3999 es
1203 3960 1261 3999 orae
1279 3944 1476 4001 dornirratiouem
1495 3944 1638 4020 illidam:
1659 3962 1691 4003 ex
1713 3961 1787 4015 arce,

982 4036 1078 4106 inquit,
1094 4036 1119 4091 id
1131 4045 1183 4099 est,
1201 4035 1310 4094 forsitan
1321 4080 1328 4102 ,
1341 4055 1373 4093 eo
1384 4039 1452 4095 edito
1466 4049 1489 4095 et
1509 4040 1564 4111 ipro
1578 4040 1668 4096 tertiae
1681 4040 1789 4096 ciuitatis

981 4126 1062 4197 (lora.
1075 4146 1132 4201 cap.
1143 4132 1168 4191 l.
1179 4147 1205 4200 p.
1217 4130 1293 4203 239),
1303 4132 1529 4207 quemadmodum
1542 4132 1617 4190 initio
1636 4134 1715 4209 bojas
1727 4134 1788 4191 libri

980 4219 1095 4276 eliserat.
1112 4222 1162 4291 Qui
1177 4224 1248 4280 surim
1265 4226 1386 4295 (pereurris
1401 4236 1566 4293 accusatum,
1581 4226 1698 4283 iatrrrdita
1710 4242 1787 4285 cours-

980 4329 1021 4378 sa,
1045 4316 1226 4385 cuoderunat,
1247 4316 1375 4391 jubetque
1398 4319 1523 4388 interfici,
1551 4321 1573 4376 is
1596 4321 1687 4392 procul
1706 4320 1789 4377 dubio

980 4422 1034 4461 non
1057 4410 1125 4478 espiri
1136 4410 1235 4480 judicis
1259 4410 1378 4483 inungitur
1393 4410 1491 4478 allicio,
1508 4413 1555 4469 sed
1575 4412 1788 4470 dominationem

127 4499 198 4541 scen.
214 4484 255 4558 Ξ),
271 4495 393 4559 totrrsque
406 4491 527 4548 scelestis
537 4495 635 4550 restris
651 4498 797 4568 qerrtilibus
810 4503 928 4572 repletus
979 4512 1089 4556 exterret
1111 4502 1317 4574 iniquissimam,
1331 4520 1362 4559 ae
1376 4504 1571 4560 intolerandam
1586 4505 1767 4578 tyrannidem.

126 4586 180 4635 est.
197 4580 236 4635 lle
248 4585 336 4638 restris
347 4599 453 4655 quoque
466 4603 565 4657 serrrper
587 4592 689 4645 oremlla
702 4596 832 4663 suspirant
854 4595 971 4669 (Ter-1)
1019 4592 1120 4649 ilerum
1143 4605 1171 4647 ut
1188 4594 1326 4666 gerrtilmar
1352 4598 1524 4665 pertinaciam
1539 4598 1644 4669 penitus
1668 4597 1786 4669 lraugat,

127 4671 186 4728 toll.
203 4673 245 4729 lib.
261 4675 293 4730 de
315 4674 399 4750 Fuqa,
417 4696 475 4748 capr.
492 4680 549 4752 15).
571 4680 605 4736 de
621 4684 659 4737 iis
681 4683 794 4751 seilicet,
810 4688 854 4757 rpai
869 4706 929 4746 see·
984 4685 1056 4739 :uliud
1071 4696 1257 4757 argumentum
1270 4688 1420 4751 iadeeruit,
1434 4690 1505 4759 ‹prrod
1521 4691 1646 4746 curribus
1660 4692 1787 4763 etsiogu-

126 4766 214 4822 lerum
228 4767 355 4835 corrricti,
369 4772 475 4827 rrretalla
490 4772 611 4831 eilrulere
631 4776 805 4845 cogebantur.
817 4779 932 4853 Dareique
983 4778 1015 4832 lis
1031 4778 1130 4834 (labeant
1144 4782 1297 4852 quemlibet.
1314 4798 1368 4837 nna
1383 4792 1411 4837 et
1425 4798 1489 4839 uero
1504 4795 1627 4855 esueptn,
1641 4784 1721 4841 derum
1738 4804 1786 4842 eo·

126 4861 161 4914 de
173 4864 260 4917 sesam
273 4879 373 4935 semper
393 4864 478 4921 bestiae
498 4870 657 4939 replerentur,
674 4871 705 4924 ele
724 4872 812 4926 resins
833 4890 932 4945 searper
984 4872 1055 4927 lentii
1072 4872 1233 4930 laenitatem.
1249 4873 1315 4930 Naur
1331 4890 1392 4931 cura
1412 4876 1524 4935 dixisset
1539 4894 1620 4934 terrum
1635 4879 1669 4933 ab
1684 4894 1745 4944 tutto,
1759 4893 1786 4937 et

126 4955 266 5009 arrirrerorii
276 4956 409 5010 aemorum
422 4973 510 5029 qrepes
522 4970 629 5029 parterm
642 4959 806 5030 (Tertulliano.
822 4964 929 5039 elpoloq.
982 4965 1064 5021 aliurn
1079 4965 1113 5019 ab
1131 4964 1184 5019 alio
1204 4965 1289 5023 libere
1303 4952 1339 5023 etx
1348 4968 1462 5024 licenter
1480 4968 1542 5033 coli,
1558 4969 1617 5024 illos
1637 4970 1675 5026 sic
1693 4978 1784 5039 urant:

127 5068 187 5118 eap.
213 5052 259 5117 dd,
286 5070 313 5123 p.
333 5051 408 5125 lsi).
428 5054 570 5112 llaneraril
583 5064 682 5121 atatem,
706 5059 743 5113 uti
753 5060 837 5128 jama
852 5061 931 5115 aolris
987 5057 1078 5114 l'idete
1089 5076 1120 5114 ne
1130 5061 1177 5115 boc
1190 5061 1224 5115 od
1238 5060 1551 5133 irreliqioritatiselopiuar
1565 5073 1711 5133 eorrcarrot,
1727 5064 1787 5119 aeli·
1815 5093 1822 5098 =·

126 5145 191 5201 olibi
219 5147 389 5203 oliserrmtutn
425 5158 467 5204 est
490 5147 648 5221 (bisrermr.
671 5149 698 5203 in
722 5150 817 5207 llinat.
839 5152 929 5207 Oetae.

126 5254 185 5305 cap.
201 5238 245 5305 lb,
259 5248 309 5293 ari.
326 5241 352 5305 l,
365 5248 390 5293 et
411 5238 517 5295 Dissert.
542 5240 569 5295 in
591 5240 710 5297 Metauri.
736 5258 795 5315 cap.
816 5244 862 5310 st,
878 5253 928 5299 art.

128 5330 181 5401 ll,
207 5332 224 5386 il
244 5343 340 5398 eraut,
367 5334 413 5405 qui
431 5334 608 5405 gladiatorrnn
630 5338 781 5407 spectacula
803 5338 928 5393 edebant.

128 5427 160 5483 lli
174 5439 263 5484 aretem
284 5429 429 5501 pascebant
452 5439 480 5486 et
501 5430 608 5488 alebant
633 5435 738 5498 noxios,
762 5434 807 5505 qui
828 5434 860 5490 ad
883 5434 930 5491 be·

982 5170 1050 5208 rrrero
1065 5153 1204 5209 libertatem
1218 5153 1356 5227 reliqioais,
1371 5164 1394 5209 et
1405 5155 1553 5210 interdicere
1571 5148 1699 5226 optionem
1721 5156 1786 5211 diui-

982 5248 1089 5313 nitatis,·
1103 5260 1129 5301 at
1142 5265 1193 5303 aron
1204 5248 1276 5303 liceat
1287 5249 1351 5302 arilei
1366 5250 1457 5313 colere,
1470 5250 1639 5321 potentatibus,
1651 5250 1695 5305 sed
1708 5266 1786 5321 eoqar

980 5342 1072 5409 colere,
1094 5358 1168 5412 rpueru
1199 5342 1278 5397 nolim
1300 5340 1393 5415 (lota,
1408 5360 1467 5413 cop.
1486 5342 1533 5412 id,
1558 5364 1584 5418 p.
1605 5344 1689 5417 ilbi?
1713 5343 1786 5403 ileli-

981 5434 1073 5503 gionrs
1091 5434 1189 5487 etenim
1205 5435 1293 5489 crrltus
1308 5435 1385 5500 liber,
1396 5435 1492 5507 inquit,
1507 5447 1534 5492 et
1549 5437 1786 5497 urrlnnnriuscsse

127 5526 191 5577 stios
208 5522 326 5578 damnati
350 5520 484 5579 debebant
502 5539 563 5579 eum
581 5525 634 5581 illis
649 5540 776 5597 propriore.
793 5526 821 5583 Si
836 5537 926 5584 autem
980 5526 1071 5595 delict,
1086 5521 1136 5581 neo
1151 5526 1220 5582 ullus
1240 5542 1355 5597 nonquam
1369 5528 1403 5584 ab
1414 5530 1468 5585 ullu
1481 5529 1588 5585 bomine
1601 5538 1647 5585 aut
1660 5530 1713 5587 ulla
1727 5532 1785 5603 lege
1858 5532 1863 5543 “

127 5614 188 5669 uicti
202 5614 392 5683 larissensem
415 5616 539 5674 rictrioes
563 5616 656 5673 bestiae
674 5620 800 5676 carnibus
818 5618 925 5677 illoram
977 5622 1038 5693 cogi
1059 5630 1146 5692 potest
1164 5621 1197 5677 ad
1214 5636 1284 5688 eam,
1300 5637 1381 5694 quara
1406 5623 1498 5678 salsam
1526 5636 1587 5679 esse
1614 5622 1699 5691 uouit,
1725 5639 1786 5679 am·

127 5706 319 5775 sapirradantsr.
977 5715 1136 5786 plesotnlam
1159 5714 1314 5785 religionem
1331 5734 1337 5771 :
1356 5714 1593 5787 Diuirroesiquitlem
1606 5715 1655 5782 rei,
1680 5716 1717 5773 uli
1739 5716 1784 5805 ille

162 5798 254 5859 Nrrllus
268 5800 356 5877 itaque
378 5816 411 5858 es
434 5802 529 5861 luorum
549 5817 662 5863 numero
683 5814 741 5865 erat
759 5805 922 5876 christianus
975 5816 1069 5879 postea
1090 5805 1170 5876 dixit,
1187 5805 1315 5887 socianda
1332 5804 1411 5873 libeas
1429 5807 1529 5869 orriruns
1541 5806 1662 5875 indicitur
1681 5804 1779 5895 libid,
