4084 6334
168 256 226 315 561

824 250 871 311 Ab
887 243 1059 305 NATIONES
1077 246 1142 305 titi.
1164 250 1185 305 l.

1773 250 1828 311 tot

167 372 264 432 licitis.
280 372 378 440 Credo,
392 389 446 431 non
463 373 544 430 ruitis
558 383 701 439 oneratos,
720 384 788 445 quos
801 369 874 426 omni
887 378 970 439 opere
982 361 1010 423 Δ
1021 371 1119 420 uestrae
1133 366 1198 422 nibil
1210 364 1261 423 nisi
1273 364 1455 425 Christianum
1470 362 1633 431 contessum*¹
1643 374 1752 435 notant3
1762 366 1827 424 bul·

168 467 295 541 perditos
304 467 395 535 uultis,
407 475 452 525 aut
465 481 517 523 uon
532 463 865 538 putatlsrequirendequae
874 458 969 515 nostis.

167 560 232 617 Hoc
241 574 307 632 ergo
318 549 479 631 perscribas,
491 560 513 615 si
525 559 620 631 cogitis
634 573 744 630 negare,
759 556 794 613 dc
808 554 905 627 quibus
913 567 972 609 cer-

169 652 278 711 tissime
289 653 379 721 scitis,
397 654 468 719 imo,
487 653 558 725 quud
583 654 668 725 magis
680 653 744 708 odio
757 660 848 707 restro
860 661 971 719 compe·

168 747 249 803 tebat
260 787 268 814 ,
281 747 398 816 seposita
412 746 495 801 lurma
519 745 656 817 judicandi
669 785 677 811 ,
692 744 801 815 proprio
814 741 904 800 studio
919 754 972 799 nun

169 836 208 893 ad
222 837 394 909 negationem
408 846 532 905 certare,
562 852 597 894 ne
608 852 677 909 quos
689 836 785 893 odistis
799 835 948 891 liberaretis
963 876 971 900 ‚

171 927 224 987 sed
240 929 273 984 ad
284 927 480 985 contessionem
492 930 658 1000 singulorum
672 930 815 997 scelerum,
826 943 881 1001 quo
888 928 973 999 magis

173 1020 325 1078 inimicitiae
337 1015 501 1077 satiarentur
513 1024 730 1094 exaggeratione
743 1036 895 1094 poenarum,
909 1020 974 1075 dum

171 1113 397 1184 recognoscitur,
420 1123 486 1186 quot
498 1115 611 1187 quisque
634 1113 688 1186 iam
703 1113 827 1171 corruitia
842 1112 887 1169 illa
902 1112 973 1169 cele·

170 1206 301 1274 brasset‘,
334 1208 460 1277 quatiens
489 1208 658 1264 intenebris
681 1208 842 1265 incursionis
862 1207 972 1263 incesta.

170 1298 265 1367 Quid?
279 1299 349 1371 quud
363 1298 518 1355 ennianum
542 1301 650 1371 generis
673 1299 844 1357 diffundenda
861 1308 921 1356 erat
933 1314 976 1356 re·

174 1394 303 1463 quisitio,
323 1392 484 1467 porrigenda
497 1396 610 1466 questio
629 1397 657 1452 in
680 1396 769 1453 socios
782 1394 971 1465 consciosque.

171 1487 387 1562 Perducerentur
411 1488 474 1561 (a)
490 1488 623 1545 irriautarii
635 1498 664 1546 ct
682 1488 762 1560 coqui
776 1498 804 1546 et
826 1488 877 1561 ipsi
890 1502 973 1545 canes

173 1581 213 1655 (i)
227 1582 350 1652 pronubi,
360 1582 500 1639 carendata
512 1598 555 1640 res
565 1593 638 1640 esset
651 1582 697 1656 (r).
710 1583 799 1639 Etiarn
812 1581 973 1655 spectaculis

176 1676 261 1747 gratia
283 1685 488 1748 aggregaretur;
504 1686 605 1749 quanto
618 1678 690 1733 eninr
713 1677 803 1735 studio
822 1678 849 1734 in
862 1692 972 1734 caream

1024 454 1078 511 lum
1093 456 1214 515 criminis
1228 474 1326 516 nomen
1339 467 1437 527 exstat,
1451 458 1502 516 nisi
1517 458 1634 516 nominis
1644 457 1749 515 crimen
1760 466 1821 517 est:

1024 552 1082 609 haec
1095 553 1194 609 etenim
1209 564 1250 611 est
1264 569 1357 610 reuera
1372 555 1441 612 ratio
1455 554 1537 611 totius
1551 552 1604 609 odii
1619 552 1823 613 adeersus‘uos.

1026 648 1129 704 Nomen
1149 647 1186 720 (e)
1202 648 1229 703 iu
1244 662 1338 704 caussa
1352 656 1394 703 est
1408 689 1415 715 ,
1430 648 1503 720 quod
1522 646 1646 720 quedam
1660 648 1766 706 occulta
1779 646 1823 707 ris

1024 756 1074 813 per
1086 750 1202 797 restrum
1226 740 1405 813 ignorantiam
1418 750 1577 813 oppugnat,
1594 749 1626 798 ut
1644 741 1734 799 nolitis
1754 743 1826 801 scire

1025 850 1074 907 pro
1087 828 1179 902 certo,
1204 835 1275 905 equod
1291 852 1338 893 tos
1351 852 1400 907 pro
1412 844 1487 892 certo
1500 834 1605 893 nescire
1625 836 1784 904 conticetis,
1798 846 1828 894 ct

1028 925 1147 984 ideonec
1158 926 1268 983 creditis
1282 942 1343 999 quae
1360 943 1414 984 nou
1430 926 1587 998 probantur,
1603 934 1648 996 et,
1661 942 1696 985 ne
1708 927 1826 1000 proben-

1029 1029 1071 1077 tur
1084 1020 1162 1079 lacile
1173 1022 1233 1095 (l),
1250 1038 1303 1078 non
1315 1023 1397 1079 sultis
1410 1022 1567 1093 inquirere,
1585 1031 1612 1078 ut
1627 1036 1725 1081 nornen
1738 1023 1828 1080 inimi-

1025 1130 1089 1171 cum
1102 1114 1154 1172 sub
1166 1116 1377 1187 presumptione
1392 1117 1534 1176 criminum
1550 1116 1678 1189 puniatur
1693 1136 1700 1174 ε
1715 1117 1784 1175 adeo
1797 1128 1828 1176 ut

1028 1207 1062 1266 de
1076 1209 1185 1266 nunnae
1196 1209 1304 1267 inimico
1316 1211 1476 1280 recedatur,
1488 1209 1551 1267 ideo
1572 1224 1671 1283 negare
1686 1212 1827 1283 compelli·

1028 1318 1100 1367 ntur,
1116 1301 1501 1377 debincnegantesliberarnur
1510 1310 1568 1359 tota
1581 1302 1740 1374 impunitate
1753 1318 1828 1375 prce·

1027 1396 1166 1455 teritorum
1184 1416 1191 1453 :
1203 1398 1258 1471 jam
1272 1413 1328 1457 non
1343 1402 1459 1468 cruenti,
1475 1412 1563 1471 neque
1576 1396 1692 1465 incesti,
1707 1398 1769 1471 quia
1780 1413 1829 1456 nu·

1027 1508 1089 1549 rnen
1111 1491 1178 1549 iilud
1200 1494 1350 1551 amisimus.
1377 1493 1430 1551 Sed
1463 1494 1528 1549 dum
1549 1492 1606 1549 trec
1619 1493 1689 1549 ratio
1704 1493 1828 1551 suoloco

1026 1585 1192 1654 ostenditur,
1206 1600 1255 1643 ros
1267 1601 1347 1658 quarn
1362 1585 1536 1659 insequimini
1549 1584 1583 1642 ad
1602 1587 1827 1659 expugnationem

1026 1679 1160 1748 numinis,
1175 1678 1265 1737 edite:
1280 1678 1352 1751 quod
1367 1680 1484 1738 nominis
1496 1679 1690 1751 crinemque
1703 1678 1827 1747 offensa,

172 1769 380 1835 conveniretur,
393 1769 577 1842 depugnaturo
589 1772 690 1842 aliquo,
703 1771 747 1843 qui
762 1778 869 1827 eentum
885 1770 972 1827 iulan·
987 1792 1012 1851 B
1026 1788 1085 1845 qum
1098 1772 1196 1843 culpa?
1211 1772 1398 1829 Praescribitnr
1408 1772 1480 1853 enirn
1496 1772 1590 1841 rubis,
1617 1786 1671 1828 nun
1684 1786 1764 1839 posse
1774 1772 1828 1829 cri·

172 1873 216 1922 tes
235 1864 410 1921 devorasset?
434 1865 488 1920 Sed
525 1866 599 1921 enim
628 1874 682 1921 tam
706 1865 840 1921 horrenda
864 1873 972 1936 tarnquc

172 1965 344 2012 monstruosa
358 1955 392 2012 de
407 1956 486 2014 nobis
498 1955 667 2013 ceterarum.
682 1956 779 2028 Utique
799 1956 858 2012 erui
869 1955 972 2013 debue-

173 2058 252 2114 runt,
268 2064 303 2107 ne
314 2048 480 2119 incredibilia
495 2049 665 2116 riderentur,
683 2048 811 2106 etodium
825 2049 851 2104 in
865 2063 974 2119 nespu-

173 2144 274 2200 blicutu
298 2143 495 2215 refrigesceret.
519 2142 584 2198 Nam
604 2152 632 2199 ct
653 2141 773 2213 plerique
785 2139 864 2198 tidem
880 2140 973 2197 talium

174 2246 333 2311 temperant,
345 2236 662 2310 ltorreutcsldlnatumm
671 2232 973 2307 quererejpabutumsste-

176 2332 277 2395 riuum,
285 2347 364 2404 quarn
372 2331 531 2388 concubitus
539 2331 574 2387 alr
585 2330 702 2387 lturnano
714 2343 815 2399 genere
828 2328 990 2399 praeclusit:

210 2426 239 2482 5.
258 2424 314 2481 Vos
338 2424 438 2496 igitur,
463 2425 530 2480 alias
552 2421 750 2493 diligentissimi
765 2436 798 2477 ac
817 2419 976 2492 pertinacis·

175 2517 236 2574 sinui
252 2516 422 2573 discussores
443 2515 576 2572 scelernm
590 2514 827 2586 longemanum,
842 2528 903 2569 cum
917 2511 979 2567 tali-

175 2610 227 2667 bus
239 2618 294 2665 ιιιιι
307 2608 449 2665 horrendis
458 2616 486 2664 et
498 2622 607 2663 omnem
620 2606 784 2677 impietatem
795 2606 982 2677 supergressis

176 2717 236 2759 eam
245 2700 410 2773 diligentiam
426 2699 575 2767 deseratis,
596 2711 683 2769 neque
695 2696 891 2754 confessionem
905 2698 977 2753 reci·

176 2796 276 2870 pieudo
284 2794 466 2865 judicantibus
474 2807 583 2863 semper
591 2790 775 2858 laborandam,
788 2804 875 2862 neque
886 2790 978 2862 etqui-

176 2888 300 2946 sitionern
314 2884 461 2959 digerendo
482 2883 683 2941 damnatoribus
706 2897 814 2955 setrrper
834 2884 977 2939 carnulen-

176 2980 237 3036 dam
254 2979 328 3051 :jam
341 2986 469 3049 apparet,
483 2991 564 3033 omne
576 2976 604 3031 iu
619 2990 669 3031 nos
684 2975 788 3032 crimen
799 2990 853 3030 non
863 2975 977 3047 alicujus

176 3071 286 3129 sceleris
304 3070 352 3127 sed
367 3069 483 3127 nominis
495 3069 586 3141 dirigi.
612 3067 711 3135 Adeo,
733 3068 757 3123 si
781 3067 817 3123 de
830 3069 975 3125 criminum

1025 1868 1098 1923 ruina
1106 1865 1233 1937 objicere,
1246 1880 1305 1937 quae
1316 1880 1403 1937 neque
1414 1864 1566 1921 institutum
1579 1864 1615 1937 ll)
1625 1863 1728 1937 dirigit,
1740 1878 1828 1939 neque

1026 1958 1148 2032 probatio
1159 1956 1335 2031 (masagam,
1351 1972 1438 2029 neque
1445 1958 1578 2013 sententia
1585 1963 1738 2014 enumerat.
1748 1952 1826 2025 Quod

1026 2049 1134 2123 praesidi
1147 2048 1287 2115 ollcratur,
1307 2048 1426 2121 quotide
1441 2064 1488 2105 reo
1503 2048 1669 2120 inquiratur,
1683 2046 1754 2119 quod
1770 2062 1829 2106 res·

1026 2144 1160 2215 pundetur
1180 2142 1222 2199 rel
1232 2150 1355 2216 negatur,
1372 2142 1489 2216 quotide
1503 2142 1617 2199 consilio
1632 2142 1780 2211 recitatur,
1795 2141 1825 2201 id

1026 2254 1102 2297 rcum
1115 2253 1242 2311 agnosco.
1256 2239 1390 2313 ltaquede
1405 2238 1670 2307 nominismerito,si
1680 2238 1828 2312 quiremus

1027 2341 1070 2389 cst
1088 2332 1238 2399 nominum,
1250 2332 1334 2404 siqua
1346 2330 1483 2387 accusatio
1502 2330 1703 2399 vocabulorum,
1720 2344 1771 2403 ego
1783 2344 1829 2387 at·-

1028 2424 1115 2483 bitror
1130 2424 1231 2481 nullam
1246 2437 1308 2483 esse
1322 2425 1454 2481 uocabulo
1474 2432 1520 2481 aut
1537 2424 1639 2481 nomini
1661 2424 1799 2496 querclam
1814 2464 1823 2493 ,

1029 2516 1081 2574 nisi
1094 2530 1156 2574 cum
1167 2516 1230 2588 quid
1244 2526 1290 2574 aut
1302 2516 1550 2585 barbarumsonat,
1561 2524 1608 2573 aut
1621 2515 1768 2573 iufaustum
1783 2529 1827 2573 sa·

1031 2610 1086 2683 pit,
1107 2610 1150 2666 vel
1165 2608 1353 2681 impudicum,
1378 2609 1420 2665 uel
1441 2610 1520 2666 aliter
1534 2624 1613 2681 qnam
1642 2608 1828 2665 enuntiantem

1029 2702 1155 2759 delectet.
1176 2701 1443 2759 llaeerocabulorum
1457 2712 1503 2758 aut
1529 2702 1669 2759 nominum
1692 2702 1826 2771 crimina,

1030 2794 1108 2853 sicuti
1123 2795 1265 2853 uerborum
1278 2804 1359 2867 atque
1368 2810 1522 2853 sermonum
1534 2794 1718 2852 barbarismus
1728 2805 1771 2853 est
1789 2796 1829 2853 ri·

1030 2888 1136 2945 tinniet
1158 2887 1315 2946 solecismus
1334 2899 1362 2944 et
1381 2888 1509 2944 insulsior
1532 2888 1627 2959 ligura.
1642 2886 1825 2945 Christianum

1030 2994 1094 3037 reru
1105 2995 1207 3039 nomen
1223 3021 1231 3048 ,
1254 2989 1383 3050 quantam
1397 2978 1556 3052 significatio
1569 2987 1628 3046 est,
1652 2978 1686 3035 de
1700 2978 1828 3036 unctione

1029 3075 1233 3147 interpretatum
1247 3076 1329 3133 etiarn
1339 3090 1401 3132 curu
1415 3084 1541 3145 corrupto
1555 3088 1571 3129 a
1593 3073 1669 3129 uubis
1683 3064 1830 3129 Christiani

176 3166 289 3221 ueritate
302 3170 460 3231 consmilis
475 3163 534 3234 ib⁵²
554 3161 697 3218 “littidum
712 3161 832 3217 domitta?
842 3156 1011 3220 nmrransc
1029 3172 1235 3241 pronuntiamur
1248 3168 1324 3241 (tram
1339 3166 1499 3225 nertorninis
1511 3165 1620 3237 quidem
1630 3164 1713 3235 ipsius
1727 3165 1830 3236 liquido

175 3258 428 3324 accommodarent,
442 3264 472 3311 ut
484 3254 520 3309 ita
535 3251 755 3325 pronuntiaretur
767 3255 794 3309 in
812 3270 862 3311 nos
876 3270 883 3311 z
901 3256 976 3313 illurn
1030 3263 1097 3319 certi
1113 3262 1200 3333 estis),
1212 3263 1250 3317 sic
1263 3275 1370 3333 quoque
1381 3260 1415 3316 de
1429 3258 1562 3315 suavitate
1574 3257 1615 3314 tel
1628 3257 1746 3313 breuitate
1768 3272 1829 3313 ruo.

175 3349 350 3415 homicidam·
365 3348 407 3404 tel
424 3348 567 3415 Milium·
580 3346 976 3420 V⁰¹¹l¹¹⁰d⁰¹¹fflli¹¹0i³⁰l³¹¹¹btr
1030 3355 1150 3413 delatum
1177 3365 1218 3413 est
1240 3354 1291 3427 (q).
1317 3350 1447 3411 Detinetis
1470 3352 1551 3425 igitur
1574 3350 1601 3407 in
1621 3350 1775 3407 irumiaibus
1788 3350 1832 3407 in·

176 3443 258 3509 duci,
274 3438 361 3512 suidgi
375 3482 384 3508 ,
400 3436 612 3511 adbestiasdari
625 3438 722 3510 placet.
737 3439 822 3497 Purro
836 3448 977 3505 sententiae
1029 3449 1118 3506 noxiis
1130 3448 1210 3505 etiam
1225 3462 1322 3505 nomeu
1336 3445 1474 3503 innoxium
1490 3452 1637 3511 nostrum,
1658 3457 1711 3499 rron
1724 3441 1829 3499 incern-

788 3556 982 3623 uncilenus
1000 3565 1207 3625 tautanius.

207 3656 246 3719 (ι)
263 3663 321 3707 nuo.
333 3666 399 3707 corr.
412 3668 445 3707 ne
462 3656 532 3721 prob.
544 3653 621 3720 laisa,
632 3662 680 3709 etc.

1063 3665 1100 3730 (ι)
1117 3662 1169 3732 ltiq.
1184 3663 1292 3728 prolatio.
1304 3686 1336 3699 -
1351 3660 1384 3711 in
1406 3670 1474 3726 seqq.
1494 3657 1568 3711 scrib.
1588 3656 1765 3721 respondemur
1791 3654 1833 3708 uel

1033 3735 1142 3794 negetur
1158 3753 1188 3767 -
1200 3727 1330 3779 recitetur.

855 3834 1137 3895 mansuetans.
1156 3816 1161 3823 ’

215 3926 253 4001 (ai
275 3925 481 3981 Perducerentur
494 3926 645 3999 infantarii,
659 3934 683 3982 et
695 3928 787 4000 coqui,
804 3938 827 3982 ct
840 3930 890 3999 ipsi
904 3947 980 3987 carrea

179 4000 299 4071 pronubi.
311 3997 404 4053 'l'rinnt
419 4012 516 4068 nempe
529 3998 670 4054 criminum
687 4000 889 4068 postulabantur·
904 4020 911 4057 :
929 4004 980 4057 iut-

179 4071 297 4143 pietatis.
318 4068 523 4195 'l'ltzeslaearunt
543 4070 699 4139 epularum,
714 4080 743 4126 et
762 4073 920 4127 concubitus
936 4076 979 4128 iu·

179 4143 257 4208 cesti,
272 4142 312 4196 sic
326 4144 358 4195 dt
379 4155 510 4209 euagoras
523 4155 583 4216 τρια
595 4146 779 4215 deresurgendo
791 4149 979 4213 tpnqqaltuu·

179 4230 221 4269 τα·
235 4216 363 4276 ἀθεότητα,
377 4221 495 4269 estsere
505 4218 597 4275 iaia-re,
612 4218 759 4268 oiiraoirtot
772 4226 862 4283 priter,
872 4218 981 4271 aiebaltl

181 4287 253 4342 enirn
270 4284 376 4341 Etlttrici
391 4284 568 4349 Christianos,
584 4285 628 4339 ubi
648 4285 847 4352 conuenissent,
862 4296 980 4343 atrectare

180 4357 276 4412 solitos
290 4355 417 4411 irdantern
428 4356 505 4425 cujus
519 4370 600 4411 carne
614 4354 773 4411 manducata
787 4366 814 4411 et
827 4367 908 4427 epoto
918 4373 981 4413 san-

180 4428 261 4499 guiue
277 4427 365 4484 [tetius
387 4429 457 4483 inter
474 4441 503 4481 se
516 4426 601 4493 inire,
617 4442 649 4481 ec
668 4435 728 4495 post
748 4427 899 4482 corruitiurn
919 4444 980 4484 cnm

181 4498 337 4571 quibus-ris
350 4497 508 4554 rttulieribus
523 4499 675 4568 prorniscue
690 4498 880 4561 commisceri,
897 4500 980 4556 adeo·

181 4586 234 4641 qne
247 4570 375 4638 adbibere
387 4584 467 4625 curres
489 4570 515 4623 iu
532 4583 607 4623 rrrorc
622 4577 681 4623 erat
693 4568 725 4623 ad
746 4568 906 4624 candelabra
921 4571 981 4625 alli-

182 4653 279 4713 gatos,
295 4640 340 4712 qui
359 4640 411 4696 oda
433 4640 529 4711 irrjuctu
550 4637 712 4695 candelabra
731 4648 905 4706 everterent,
932 4656 981 4697 ex·

184 4713 329 4784 tinctisque
341 4711 484 4767 luminibus
496 4721 557 4766 tutte
569 4711 626 4766 lleri
634 4708 759 4765 dicebant
773 4709 981 4768 loedissimarutn

183 4785 290 4841 illarum
305 4784 525 4839 conimiatiunum
540 4781 654 4838 scelera.
680 4780 718 4837 be
734 4781 783 4837 Pa.

219 4856 260 4929 (b)
276 4854 309 4910 Et
321 4854 371 4925 ipsi
382 4871 458 4909 curtes
472 4854 590 4925 prortebi.
613 4851 642 4908 ln
658 4852 842 4923 tpdogeuro,
859 4851 984 4911 Lenones

185 4926 330 4992 dicuntur,
343 4928 387 4996 qui
408 4928 451 4981 ide
464 4926 591 4990 Pronubi
610 4940 751 4981 eversores
767 4926 907 4981 luminum.
922 4926 983 4983 lite.

220 4999 258 5073 (c)
272 4997 415 5052 liureadutu
432 5014 472 5052 rer
485 5008 559 5052 erret.
583 4995 651 5052 Tum
668 4996 777 5052 dentum
787 4997 858 5067 justa
872 5004 900 5053 et
911 4997 985 5065 legi-

98 5100 105 5111 ·
186 5070 249 5126 timu
273 5068 426 5139 inquirendi
447 5070 517 5126 ratio
529 5077 620 5136 esset,
635 5068 658 5123 si
672 5069 883 5140 perducerentur
895 5068 986 5125 iulan-

185 5143 259 5204 tarii,
273 5141 363 5208 coqui,
377 5152 430 5197 etc.
445 5140 529 5195 idern.

221 5213 261 5287 (tl)
290 5210 428 5267 Haerentes
448 5220 565 5267 nutarent
593 5226 705 5282 qurercre
727 5210 849 5281 potuim
876 5212 987 5283 semaam

188 5301 265 5358 quarm
279 5299 351 5339 conc.
373 5282 420 5339 Sic
443 5284 608 5338 restituimus
640 5299 681 5338 um
701 5284 727 5338 in
744 5283 837 5338 codice
852 5285 985 5354 dgubardi

188 5358 315 5426 leguntur
326 5355 427 5425 absque
439 5354 595 5410 ullosensu.
612 5298 678 5409 riam
693 5356 728 5410 ita
741 5363 802 5409 stud
818 5354 983 5426 deprauata:

189 5428 353 5483 Horroruntes
366 5437 485 5480 acturam
504 5440 616 5495 quaerere
633 5425 753 5494 pabulum
767 5424 894 5496 ferinunt,
909 5442 987 5499 quarn

188 5498 336 5556 concubitus
349 5498 381 5552 ab
394 5498 504 5552 irunrcuo
518 5512 609 5569 genere
627 5498 767 5569 praeclusit.
780 5499 825 5551 dit
841 5497 986 5553 Tertullia-

189 5586 251 5639 nus,
278 5579 332 5625 tam
347 5568 498 5633 horrenda,
514 5579 622 5638 tamque
637 5580 788 5625 tnnnstrosa
798 5565 833 5623 de
845 5568 922 5624 nobis
936 5569 986 5625 de-

189 5643 329 5711 teruntur,
347 5651 377 5694 ut
418 5639 521 5711 lerique
539 5640 620 5695 fldem
636 5641 728 5695 talium
749 5649 916 5709 tetuperent,
935 5639 988 5696 noe

188 5726 243 5778 est,
258 5712 337 5768 iidem
352 5655 447 5768 taliius
460 5728 513 5766 nnn
528 5711 690 5776 adhibcarrt;
706 5714 848 5765 borrcntes
863 5724 986 5767 naturam

190 5799 311 5860 quarere
324 5784 450 5855 pabulum
464 5784 576 5843 lerinum
587 5798 595 5854 ;
607 5797 703 5856 ucmpe
713 5781 836 5841 butuiucs
848 5781 883 5841 ita
897 5792 987 5854 natos,

1032 3939 1062 3986 ut
1081 3935 1203 4001 quaerant
1219 3934 1247 3983 et
1267 3934 1395 3997 appetant
1416 3925 1540 3995 pabulum
1559 3924 1689 3990 lerinum;
1710 3934 1833 3983 natrrram

1032 4000 1101 4059 adeo
1111 4000 1234 4066 lerinam,
1245 4008 1274 4055 ιιι
1283 3998 1409 4054 carnibus
1421 3996 1544 4053 lrurrrauis
1554 3996 1667 4052 libenter
1679 3999 1834 4065 vescantur,

1033 4088 1093 4145 qum
1107 4086 1199 4127 nanua
1212 4079 1252 4127 est
1268 4069 1394 4125 lerarum.
1412 4068 1476 4124 Eam
1490 4084 1552 4123 reru
1567 4077 1689 4124 tratttraru
1704 4067 1832 4138 terarum,

1033 4144 1122 4211 idest,
1135 4142 1206 4199 leros
1216 4141 1297 4213 ipsas,
1309 4139 1467 4196 concubitus
1478 4140 1512 4196 ab
1525 4138 1643 4195 humano
1656 4154 1755 4210 genere
1766 4154 1835 4210 prae-

1033 4216 1121 4271 elusit.
1138 4213 1216 4271 Unde
1231 4214 1311 4284 igitur
1324 4211 1447 4267 lrornitres
1463 4212 1535 4277 uati,
1551 4209 1636 4267 lerunt
1650 4211 1753 4281 genusi
1775 4209 1834 4264 Na·

1034 4296 1118 4341 lurotu
1129 4300 1241 4356 quererere
1255 4282 1323 4339 dixit
1336 4282 1433 4339 Graeco
1446 4297 1539 4351 tttttrc,
1553 4282 1625 4357 quud
1647 4284 1683 4338 ila
1696 4282 1795 4339 iaciunt
1807 4290 1836 4339 el

1034 4368 1125 4412 nutum
1137 4365 1178 4413 est
1190 4365 1218 4411 nl
1231 4363 1342 4427 quaerat.
1358 4352 1441 4411 ldeur.

1071 4426 1109 4501 (e)
1126 4426 1226 4482 Neutra
1241 4428 1268 4481 ia
1278 4441 1354 4480 rottae
1368 4438 1413 4480 ert.
1425 4424 1557 4494 Quoniam
1570 4426 1680 4497 penuria
1690 4423 1834 4481 crintinunt

1036 4499 1194 4555 laborabant
1207 4496 1337 4568 gentiles,
1353 4507 1381 4549 ut
1394 4498 1563 4553 Cirristianus
1577 4498 1770 4567 opprimerent,
1785 4510 1836 4550 no·

1037 4586 1099 4627 rrrert
1114 4572 1200 4641 ipsum
1214 4567 1386 4632 accusabant,
1403 4584 1454 4639 qun
1471 4567 1504 4621 de
1519 4582 1548 4622 re
1561 4565 1605 4624 liic
1620 4567 1712 4623 inultis
1725 4565 1837 4623 Tertul-

1034 4642 1133 4707 lianus,
1152 4649 1179 4698 et
1196 4649 1274 4694 aritea
1293 4640 1318 4692 in
1335 4638 1519 4713 dpqlogctico.
1544 4638 1627 4694 liram
1651 4638 1751 4709 quippe
1773 4647 1838 4694 tunc

1033 4712 1179 4769 Christiani
1197 4717 1242 4767 ὑπὸ
1257 4722 1405 4782 europenses
1419 4720 1573 4785 σφαττόμενοι
1583 4752 1593 4775 ,
1603 4710 1688 4776 itttqllii
1714 4708 1835 4765 Allienu-

1034 4798 1113 4855 gonts
1126 4785 1153 4838 in
1166 4784 1293 4852 Apologia
1302 4799 1349 4852 pro
1360 4783 1529 4839 Christianis.
1542 4780 1570 4835 lu
1580 4783 1620 4851 jus
1633 4782 1799 4837 iterabantur
1810 4790 1839 4836 et

1035 4854 1284 4912 curtdcmuabuntur
1301 4866 1408 4925 propter
1428 4870 1511 4910 ununr
1532 4868 1649 4918 trurneu,
1665 4868 1752 4923 neque
1767 4852 1840 4907 cuiun

1036 4928 1206 4997 quaerebatur
1226 4940 1259 4981 aa
1281 4926 1344 4981 rurali
1370 4925 1515 4997 quidquam
1539 4932 1737 4995 perpetrassent
1749 4922 1842 4979 Cirris·

1039 4998 1114 5061 liatli,
1130 4993 1214 5069 inquii
1228 4996 1309 5064 iderti,
1323 4998 1376 5053 ἀλλ’
1389 5009 1422 5061 tir
1432 5007 1459 5055 etl
1472 5003 1558 5065 daupu,
1571 5002 1601 5056 ὡς
1615 5000 1649 5056 riq
1669 4997 1797 5063 ἀδὶιιημα,
1810 4993 1843 5049 iis

1038 5068 1225 5133 scribebatur3
1242 5066 1307 5123 Natu
1323 5066 1538 5125 Christianorum
1562 5067 1650 5120 nullus
1677 5067 1703 5121 in
1725 5066 1780 5121 ullo
1802 5074 1845 5121 est

1037 5139 1156 5197 facinore
1169 5140 1353 5209 deprehensus
1363 5144 1438 5202 οὐδεὶς
1447 5142 1685 5208 diudrxprrrrmtr
1693 5142 1843 5205 Ιλήλιγκται.

1039 5211 1162 5268 Numinis
1177 5220 1278 5267 tanturn
1294 5212 1392 5283 ubique
1411 5212 1521 5266 ratioet
1536 5212 1638 5265 crirnun
1653 5217 1721 5272 erat,
1736 5214 1801 5263 edin
1821 5212 1846 5261 δι

1038 5288 1122 5353 ὄνομα,
1136 5284 1169 5355 tp'
1183 5291 1268 5337 ἑαυτοῦ
1278 5294 1319 5337 και
1330 5284 1361 5337 δι’
1373 5289 1458 5345 αὐτοῦ,
1467 5284 1658 5351 eiaoanpdeebrr
1666 5288 1845 5354 χρησ-τὸιιομι·

1039 5359 1130 5421 (aecer,
1147 5365 1175 5410 el
1188 5368 1278 5421 altien,
1295 5357 1379 5426 οὐγὰρ
1394 5360 1425 5410 τὰ
1437 5356 1544 5423 inciperet
1555 5362 1633 5420 pluere
1653 5354 1728 5417 1ιἰξιιιι,
1757 5358 1801 5405 ile
1819 5361 1847 5406 τὸ

1038 5428 1148 5497 ἀδίκημα
1156 5431 1220 5489 δίκης
1233 5438 1274 5480 aotl
1285 5437 1410 5497 τιμωρίας.
1425 5425 1470 5479 Sic
1483 5424 1582 5495 pussilli
1594 5423 1781 5495 Aillbllilgol‘lls
1793 5422 1844 5479 suls

1040 5498 1146 5553 initirtm
1162 5499 1273 5567 dprdug.
1290 5496 1327 5552 Ln
1341 5498 1389 5552 l’n.

1077 5568 1110 5643 (i)
1126 5567 1213 5633 Neque
1229 5568 1373 5622 itastitutmn
1390 5566 1488 5633 diriqit.
1516 5566 1573 5623 iloc
1597 5575 1657 5632 est,
1673 5564 1839 5623 mandatum.

1039 5636 1126 5707 inira,
1161 5654 1202 5711 ug.
1215 5638 1261 5699 51.
1278 5638 1428 5694 institutum
1440 5626 1635 5695 Neronianum.
1653 5636 1716 5695 lite.

1077 5711 1115 5785 (q)
1134 5655 1170 5765 ic
1183 5710 1306 5764 strauitute
1317 5710 1355 5766 ecl
1365 5710 1482 5766 bonitate.
1503 5711 1539 5767 be
1554 5710 1683 5768 suauitate
1693 5751 1700 5781 ‚
1712 5706 1843 5767 Christia-

1040 5796 1091 5843 nus
1103 5799 1109 5841 ι
1122 5782 1160 5841 llc
1175 5782 1305 5869 bortitalc,
1321 5782 1579 5861 t'trrcsnuusqlta.
1604 5857 1608 5863 Ι
