4084 6334
173 323 219 389 lul
603 330 648 392 AG
666 319 837 392 socialis
857 327 1078 393 scutulatus
1098 329 1343 394 rsnsbtttattt.
1749 337 1804 398 tbs

176 449 301 511 braun.
320 463 377 514 ean.
390 444 416 503 1.
432 465 460 521 p.
476 447 539 506 aas.
554 448 611 522 ὓ.);
629 465 715 523 neque
725 449 798 510 launo
813 451 863 510 sibi
877 465 952 508 erro·
966 451 993 514 Δ
1006 463 1061 507 stom
1074 449 1200 523 uiderint,
1213 462 1241 510 et
1252 463 1316 511 ante
1327 451 1415 512 Sessri
1428 453 1528 528 legunt,
1541 469 1594 529 qua
1605 455 1806 531 suscipiendam

175 559 226 602 rent
244 542 391 617 persuaderi
415 559 531 615 annuant
548 545 619 616 passi
641 555 703 602 sunt
717 544 875 604 orthodoxae
899 543 951 604 Eo·
1004 545 1219 604 Christianorum
1237 548 1394 622 religionem
1413 551 1515 619 uetuit,
1548 553 1665 610 lleorum
1687 552 1805 612 uultures

176 638 252 697 eleale
263 636 340 704 sotii,
365 637 491 708 ursoniam
515 636 558 694 ltie
572 637 727 710 prlrruipatis
749 648 806 696 erat
830 638 952 696 doctrina
1005 651 1121 697 seaasso
1139 639 1320 700 Chr-istiands.
1347 642 1386 700 lta
1407 645 1479 702 enim
1497 644 1595 704 laetum
1614 657 1666 714 est,
1685 656 1724 713 ut,
1742 662 1804 706 eunt

176 745 256 790 eorum
269 773 276 798 ,
290 729 332 802 qui
345 728 501 786 Montanum
514 773 522 800 ,
534 739 660 802 tanquam
675 731 832 804 magistrum
844 774 853 801 ,
864 741 954 790 seete·
990 728 1076 788 'latter
1088 747 1184 790 omnes
1196 743 1349 806 oonataret,
1370 752 1442 796 anno
1456 736 1565 796 dstnuna
1584 739 1616 798 Ρ.
1629 738 1661 798 C.
1680 739 1713 798 ll.
1727 738 1805 800 ccts

177 825 605 897 bsntm3puarnsisrmlerierrores
615 824 835 882 llonlaniatarum
846 839 951 893 onrnss,
1005 823 1075 882 lano
1090 826 1176 898 legem
1189 842 1204 882 a
1218 827 1314 887 Seuera
1325 830 1408 887 latam
1420 846 1492 901 esse,
1505 830 1567 890 libri
1582 832 1625 892 isti
1638 847 1734 894 omnes
1743 842 1806 906 pasl

179 919 288 990 exaliqua
301 925 385 990 parte,
399 917 442 974 sel
456 917 515 990 ipso
526 917 804 989 liujuseontrosetsios
818 927 950 989 tempore,
1005 916 1087 976 issum
1100 935 1202 978 annum
1217 922 1307 993 inepte
1321 933 1496 995 ponerentur.
1511 926 1600 998 itque
1610 925 1718 985 luerunt
1729 927 1805 995 ideas

180 1012 216 1070 rel
228 1011 296 1084 paulo
321 1020 395 1084 post.
417 1012 519 1083 repepsi
533 1009 660 1070 luerinta
684 1012 818 1068 nonnullis
834 1012 950 1084 atstiqnas
1004 1013 1087 1072 tidem
1104 1016 1244 1085 nonnulli,
1264 1017 1311 1089 qui
1326 1017 1378 1074 boe
1390 1017 1499 1090 quidem
1512 1033 1573 1076 oum
1587 1020 1664 1079 libris
1676 1021 1740 1094 ipsis
1753 1036 1804 1094 pst·

181 1104 288 1162 Eralssise
309 1101 455 1159 sodalibus.
477 1103 530 1160 Sed
556 1102 783 1176 quemadmodum
810 1102 948 1172 diximus,
1003 1122 1088 1180 gnaro
1099 1110 1300 1182 perspicerent;
1313 1111 1805 1186 sedneqtmbituritasemattigerunt

175 1213 294 1270 nunquam
308 1196 463 1270 deposuisse
482 1197 669 1254 Tertullianum
681 1213 788 1254 errores
802 1213 869 1266 eos,
884 1213 952 1269 quos
1004 1211 1146 1275 propterea
1171 1205 1245 1276 quod
1265 1206 1375 1278 antinus
1398 1207 1493 1264 barum
1518 1223 1609 1267 rerum
1631 1218 1805 1273 monusnensa

175 1293 245 1352 testei
258 1293 280 1348 ln
294 1291 384 1348 sabula
401 1291 624 1350 blotumristarum
638 1290 791 1359 didicerat,
815 1290 840 1348 id
854 1301 952 1362 sponte
1004 1311 1055 1352 nee
1073 1297 1196 1364 eandida,
1213 1314 1264 1356 noe
1277 1300 1435 1371 prudenter,
1457 1312 1584 1373 tartunam
1599 1303 1696 1370 duces,
1719 1304 1805 1364 seculi

177 1386 285 1460 seqnitur,
296 1383 365 1456 quud
374 1383 429 1456 iam
438 1383 494 1442 lere
506 1383 631 1451 diximus,
641 1383 762 1456 ejusdem
771 1385 878 1456 gestetis
888 1400 952 1444 esse
1005 1388 1123 1445 luserant.
1145 1388 1238 1462 ltaque
1256 1393 1382 1449 maaisnis
1399 1393 1524 1450 laudibus
1537 1394 1634 1466 dignus
1644 1405 1686 1452 est
1698 1397 1739 1452 sir
1752 1398 1805 1454 im·

178 1480 247 1538 libros
258 1476 423 1547 Tertulliani,
448 1477 583 1550 inquibus
596 1477 680 1547 alios,
696 1476 768 1534 ltuud
779 1477 951 1557 dublellon·
1003 1483 1125 1538 mortalis
1134 1484 1806 1562 osersaoriaelo.Latrrentiuslloaltenriasipaauperes

183 1575 314 1636 ausurum
324 1573 397 1632 seitis
407 1570 532 1643 istlectos,
546 1571 687 1632 excitauit.
697 1573 785 1646 aspare
799 1571 840 1630 ltis
850 1571 951 1644 regulis
1003 1573 1059 1646 qni,
1075 1586 1215 1646 postauam
1228 1591 1273 1644 eo,
1288 1593 1343 1647 otto
1353 1588 1424 1648 erat,
1437 1579 1572 1646 apamiae,
1590 1581 1727 1652 animique
1739 1597 1806 1638 ean·

184 1667 232 1726 addi
243 1668 409 1740 possontalire
422 1709 430 1736 ,
443 1683 503 1742 qtrae
518 1666 602 1728 libros
618 1666 788 1724 llontauismi
801 1659 951 1730 certissime
1003 1664 1071 1722 dure
1091 1680 1207 1735 summo,
1231 1668 1408 1739 inquisiturus
1431 1670 1458 1726 in
1478 1670 1548 1728 bano
1561 1686 1618 1730 rens
1631 1673 1805 1745 diligentins,

187 1770 285 1834 spuunt,
299 1760 383 1832 qusalis
393 1771 434 1816 ost
448 1760 549 1818 diserta
564 1761 647 1834 ipsius
676 1757 828 1818 Tertulliani
843 1758 949 1832 proles·
1004 1755 1086 1814 istum
1095 1772 1216 1816 errorem
1226 1762 1443 1834 exquisitissimis
1452 1764 1618 1834 argumentis
1628 1765 1742 1838 explosis
1753 1764 1806 1839 (l).

189 1855 231 1922 siu
244 1853 346 1912 salsum
359 1854 418 1911 istm
431 1855 465 1910 ita
478 1853 535 1910 lere
545 1863 719 1926 comparatas,
728 1863 755 1913 ut
771 1854 951 1926 disputatione
964 1831 990 1896 Β
1004 1853 1093 1924 Atque
1106 1853 1150 1910 blo
1163 1862 1254 1912 tantm
1268 1835 1309 1912 rir
1321 1855 1411 1932 ederit
1421 1856 1559 1930 diligentia
1570 1874 1631 1924 sua.
1646 1869 1677 1917 ns
1689 1859 1768 1918 nobis
1777 1860 1806 1923 in

189 1959 382 2020 burgensem
397 1963 451 2009 nott
465 1947 861 2021 sintcertissimmbdei.01md
875 1948 953 2008 site·
1004 1946 1213 2005 demonstranda
1237 1949 1289 2006 bae
1311 1965 1342 2008 re
1362 1951 1454 2008 multis
1476 1950 1652 2036 laborandum
1672 1963 1725 2010 raon
1758 1956 1805 2020 sit.

193 2043 319 2100 restiterit
344 2043 396 2099 tale
415 2043 480 2114 quid
505 2041 533 2100 io
548 2041 665 2116 quodam
693 2041 762 2102 libro
777 2041 951 2116 Tertulliani,
1004 2041 1090 2109 Quam
1102 2042 1138 2100 ob
1152 2057 1210 2100 rem
1223 2059 1258 2101 ne
1271 2053 1380 2102 careant
1394 2054 1484 2102 tamen
1495 2045 1524 2112 ii,
1537 2046 1634 2119 quibus
1645 2045 1737 2104 daturo
1751 2063 1805 2107 uon

197 2135 251 2208 spol
259 2145 333 2210 posset
360 2136 456 2194 relerri
477 2135 510 2192 ad
535 2152 616 2195 unam
639 2136 790 2208 regularum
820 2137 951 2209 istarurn;
1005 2142 1049 2192 est
1070 2135 1209 2208 perlegere
1227 2137 1315 2208 ipsam
1334 2137 1562 2210 urgentissimam
1574 2138 1804 2210 dissertationem,

202 2229 368 2302 abusuroris
383 2229 502 2302 periculo
514 2229 577 2286 lieet
592 2229 767 2298 existimare,
790 2245 852 2287 enm
868 2229 952 2290 luisse
1002 2228 1170 2298 grarisaioata
1183 2231 1367 2302 argumentis,
1387 2231 1485 2302 quibua
1498 2231 1664 2292 calamitates
1675 2230 1806 2289 Christia-

198 2322 335 2390 turadilam,
349 2338 411 2382 cum
428 2322 484 2396 jam
497 2321 652 2382 inimicitias
662 2339 724 2381 curn
736 2323 886 2384 orstouma
900 2323 951 2382 lie·
1003 2333 1100 2402 nasutas
1114 2322 1230 2393 temptati
1250 2331 1314 2379 sule
1328 2320 1417 2380 Seurri
1430 2321 1547 2382 edietum
1560 2331 1717 2396 antegressa
1730 2338 1804 2380 usse·

189 2414 254 2472 dosia
263 2415 421 2474 Tertullianus
431 2418 604 2490 suscepisset.
618 2415 672 2480 Sed
684 2417 952 2492 jumadllbsosipsua
1004 2412 1068 2482 ruit,
1080 2429 1112 2470 aa
1124 2413 1205 2472 reluat
1215 2415 1241 2470 in
1251 2415 1412 2487 oumpendio
1421 2415 1704 2487 reeltabitnus,spuibus
1713 2430 1805 2475 asserus

183 2509 307 2570 seabnm.
1004 2506 1086 2562 timot·
1096 2509 1225 2573 omnine,
1248 2509 1336 2574 iisnue
1353 2508 1511 2580 adjiciemus
1525 2508 1580 2567 duo
1601 2509 1673 2577 alia,
1694 2524 1755 2581 pure
1770 2507 1804 2570 ad

173 2645 189 2720 ί
201 2645 226 2702 5.
248 2675 279 2688 ..
296 2645 382 2704 Prima
405 2648 495 2704 cm
516 2647 654 2714 mmm,
682 2647 726 2720 qm.
753 2658 813 2702 mm
840 2655 953 2719 'emm
1003 2600 1187 2709 sossflrmanda
1209 2617 1241 2658 ea
1265 2602 1367 2708 aliquid
1389 2601 1490 2662 babere
1515 2603 1639 2710 sidentur
1659 2604 1803 2711 lirsnitatis.

199 2739 288 2812 prioris
301 2741 437 2797 errationis
450 2739 653 2797 Cltrittt’nrsarnnt
666 2741 712 2795 sub
731 2739 824 2796 Serere
837 2739 951 2812 Aragutto
1003 2695 1404 2860 πᾞοζίἓῗυῗιᾛᾙζ
1412 2695 1805 2864 mflfflffirfflgi'ffl:

200 2845 294 2907 '‘nm''
921 2863 925 2870 ’
1003 2877 1196 2950 disputatione,
1211 2829 1250 2938 dot
1261 2882 1338 2954 signa
1351 2881 1477 2950 ediderit,
1492 2880 1590 2953 ouibus
1604 2881 1723 2941 standum
1735 2883 1803 2956 legi·

231 2971 268 3030 Ea
286 2972 326 3030 bis
341 2972 455 3046 primum
483 2969 685 3046 pertractandos
703 2971 875 3044 promisimus
892 2985 951 3044 eos,
1005 2970 1057 3028 bus
1073 2982 1167 3029 eontra
1181 2972 1351 3032 Christianos
1365 2974 1489 3032 Sarrum
1503 2991 1637 3046 pugnasse
1649 2974 1760 3046 indicat,
1775 2985 1804 3037 ut

153 3083 269 3142 quorum
283 3083 332 3126 nse
340 3077 405 3126 sutas
416 3083 467 3124 neo
477 3066 599 3126 doetrinn
612 3067 692 3124 dubia
704 3066 847 3126 admodum
860 3074 949 3138 esset3
1003 3064 1093 3122 nullus
1112 3067 1193 3137 plane
1209 3066 1351 3125 dubitandi
1371 3066 1448 3126 loeus
1468 3069 1595 3140 supersit.
1616 3069 1755 3131 Alterum:
1769 3085 1803 3128 ea

149 3163 177 3220 in
198 3161 297 3234 paribus
317 3167 378 3218 stiltt
399 3161 486 3233 primo
509 3161 570 3218 loeo
590 3159 725 3232 ponendi,
747 3175 815 3234 nuos
835 3160 949 3232 scriptos
1003 3157 1359 3232 transtulissemus&
1384 3161 1411 3218 iss
1425 3176 1480 3234 quo
1493 3171 1686 3220 eomttteanorat
1700 3162 1803 3220 Tertul-

147 3269 213 3312 esse
232 3262 339 3314 consus
358 3269 391 3312 eo
410 3264 548 3327 tempore,
571 3269 624 3326 quo
643 3252 839 3312 solennitatibus
860 3254 950 3314 tntsltis
1003 3251 1087 3308 lirosa
1113 3250 1264 3326 snpplisia,
1301 3253 1398 3328 quibus
1425 3253 1512 3312 Albini
1539 3254 1641 3312 amieos
1675 3254 1804 3314 alluserat

145 3347 308 3416 Christiani,
327 3356 454 3420 regnante
472 3347 566 3404 Seuera
584 3348 663 3418 dap,
679 3354 788 3418 ptropler
800 3344 950 3404 doctrinam
1003 3342 1129 3412 semaa,
1151 3345 1223 3416 guod
1244 3344 1344 3404 laetum
1358 3361 1420 3406 esse
1438 3347 1471 3403 Α.
1484 3345 1517 3404 Ρ.
1528 3346 1606 3420 c,lt.
1617 3345 1730 3404 cxcvt.
1745 3360 1802 3422 ant,

143 3442 364 3516 allligebansura
379 3442 497 3502 Deorum
511 3441 668 3499 cultoribm.
683 3441 802 3512 Qrtornm
813 3451 949 3504 museum
1002 3437 1074 3507 guod
1088 3438 1195 3499 mallens
1210 3438 1335 3498 cxct'lt.
1351 3439 1501 3498 rectissime
1520 3439 1802 3502 limbaariuanaonuit.

27 3522 28 3574 l
144 3542 202 3596 rite
215 3535 289 3594 band
303 3545 382 3610 queat
395 3536 518 3606 delmiri,
539 3536 590 3594 uisi
606 3535 700 3608 lugetur
713 3535 777 3592 illud
789 3536 864 3610 quasi
880 3551 949 3608 pun-
1003 3530 1123 3589 Tertium
1144 3532 1196 3604 ipsi
1217 3532 1372 3590 obtulerunt
1385 3531 1522 3590 stomata
1532 3521 1700 3592 dimandrini
1722 3534 1807 3593 verba·

27 3640 28 3646 ’
144 3641 224 3688 etum
245 3631 389 3701 temporis,
411 3645 465 3702 apto
482 3641 571 3704 ompsa
589 3627 950 3691 estadsersusdbristianos
1002 3626 1117 3700 (suom.
1132 3626 1163 3684 Ι..
1180 3625 1381 3686 ll.Ed.Colon.
1397 3625 1579 3698 p.lll.ll.l,
1601 3625 1698 3699 quibus
1716 3628 1803 3706 conli7

143 3723 255 3782 saeritia
266 3739 275 3788 ;
288 3722 315 3780 id
326 3737 437 3797 sgantns
448 3737 559 3780 necasse
567 3731 619 3790 est,
633 3731 671 3791 ut,
685 3738 800 3795 quonam
815 3724 873 3780 itate
883 3731 950 3780 tent·
1002 3729 1074 3778 tetur
1082 3719 1139 3792 iam
1153 3732 1210 3777 tuan
1231 3719 1373 3778 tormentis
1387 3718 1519 3792 exagitari
1538 3718 1722 3788 Clariatianos,
1740 3735 1802 3778 eum

145 3831 219 3889 pore
235 3815 395 3888 corrugent,
419 3815 589 3888 perspicuum
604 3814 729 3872 onstribus
748 3815 804 3872 ltus.
828 3813 881 3874 Sed
899 3815 950 3876 ista
1001 3809 1168 3870 Strosnatam
1182 3811 1265 3870 libros
1273 3820 1460 3884 sassrponeret,
1471 3812 1543 3886 qnod
1554 3810 1800 3882 lecitiereeodem,

22 3914 23 3917 ’
146 3909 261 3966 vexatio
273 3909 397 3982 quoniam
426 3908 467 3964 ltis
491 3909 594 3978 extitit,
617 3907 732 3980 primum
745 3906 854 3980 quidem
870 3917 948 3978 ante,
1001 3918 1057 3975 uuo
1069 3904 1198 3974 diximus,
1215 3914 1345 3978 tempore.
1362 3903 1492 3975 Quartum
1504 3904 1579 3963 dedit
1590 3914 1667 3976 etas,
1682 3905 1709 3964 in
1721 3921 1802 3978 prtum

146 4001 252 4060 deiude
267 4011 326 4074 post
336 4000 409 4075 leges
421 3999 513 4058 Seueri
527 4000 686 4058 Cbrissialsis
703 4001 824 4058 inimicas
837 4020 844 4058 ι
857 4003 951 4060 obser·
1000 4000 1159 4070 grat-issima
1181 4000 1312 4084 supplicia
1326 4017 1343 4058 a
1357 3999 1501 4059 scillitanis
1514 3998 1676 4073 ilartgrilrus
1695 4009 1803 4074 sumpta

147 4095 243 4152 nando
262 4093 418 4163 didicimus,
438 4110 538 4152 anatum
559 4109 575 4150 a
595 4093 703 4152 cbristo
722 4104 785 4152 nutu
798 4093 951 4152 ducentesi-
1002 4093 1135 4160 ittsidunt,
1149 4093 1259 4154 Classba
1273 4095 1369 4152 iterum
1383 4097 1506 4164 consule,
1520 4096 1567 4169 gui
1578 4111 1641 4155 suaa
1653 4093 1683 4154 G.
1697 4096 1804 4167 madio

146 4203 227 4248 ntum
241 4188 323 4246 libros
332 4187 488 4246 Tertulliani
499 4187 620 4246 diuidere
633 4188 707 4258 quasi
722 4187 749 4246 in
759 4187 825 4246 duas
836 4189 948 4260 classes,
1009 4183 1137 4242 Victorino
1151 4185 1237 4244 lasese·
1251 4188 1285 4246 s.
1302 4186 1332 4246 Ρ.
1346 4185 1379 4244 Ν.
1393 4185 1423 4246 C.
1435 4185 1489 4246 ce.
1502 4189 1602 4256 tenuit;
1619 4187 1715 4259 qrriltus
1724 4187 1804 4246 desti·

147 4299 267 4358 tpuarum
291 4283 372 4342 altera
400 4281 585 4354 complectitur
605 4281 671 4350 isos,
704 4281 750 4354 qui
772 4290 836 4341 sunt
858 4283 892 4341 ab
917 4295 950 4340 eu
1002 4295 1056 4352 que
1068 4280 1234 4352 argumentis
1246 4278 1346 4350 attautd
1360 4280 1529 4340 austeritatis
1543 4281 1731 4341 arbitraturus
1742 4281 1802 4353 ipsu

149 4373 320 4444 ortlsodoxo,
342 4375 425 4432 altera
440 4389 505 4446 eos,
530 4374 576 4448 qui
597 4373 714 4432 suntab
735 4389 769 4432 eo
789 4373 950 4432 llontauists
1002 4373 1089 4431 drusii
1102 4389 1135 4432 ae
1154 4373 1463 4448 Traealplu'testinsom'o
1481 4375 1622 4435 aeesdore.
1645 4377 1734 4449 larue
1752 4391 1804 4434 uos

151 4467 278 4543 perseam
305 4467 387 4528 Nobis
408 4471 498 4538 itunae
516 4483 578 4526 eum
593 4466 629 4526 sit
648 4467 813 4542 propositum
834 4466 949 4539 primum
1001 4468 1200 4537 nonsumtssii,
1213 4468 1484 4542 uniistapuidemad
1496 4471 1804 4530 seutdemonstsandant

150 4563 289 4634 diapiuets
301 4559 334 4620 de
348 4576 381 4620 eu
395 4576 495 4634 genera
509 4561 639 4620 librorum
652 4558 821 4626 Tertulliani,
835 4573 948 4632 quorum
963 4581 990 4647 D
1003 4574 1058 4618 noa
1071 4558 1196 4619 sullleere
1208 4560 1413 4630 arbitraremur,
1436 4577 1468 4620 ea
1487 4563 1559 4622 enim
1572 4562 1668 4622 amnia
1679 4571 1803 4635 putamus

149 4665 222 4716 satas
234 4655 301 4712 satis
313 4653 413 4728 liquido
423 4661 539 4723 eonstat,
553 4652 591 4711 ita
603 4653 630 4708 in
644 4651 846 4724 boatraotando
860 4667 951 4710 sersa-
1005 4669 1063 4712 resn
1083 4663 1158 4712 eatra
1172 4669 1280 4712 amnuo
1298 4656 1492 4716 dubitationem
1508 4674 1619 4728 ponere.
1643 4657 1746 4715 Placuit
1760 4668 1802 4714 sa·

152 4749 257 4816 bimur,
277 4755 305 4806 ut
323 4749 555 4813 lassataslasatas,
578 4745 634 4817 iant
648 4753 711 4802 ante
728 4744 816 4803 Seueri
834 4744 951 4802 edietum
1004 4763 1080 4814 mess,
1096 4763 1131 4804 ue
1144 4747 1210 4820 guid
1221 4748 1359 4806 uideamur
1373 4751 1587 4821 praetermisisse,
1607 4749 1679 4823 quod
1698 4749 1733 4809 ad
1745 4765 1804 4808 rem

152 4838 323 4898 Christianos
336 4838 418 4896 luisse
430 4847 540 4912 propter
549 4837 698 4896 doctrinam
711 4845 829 4905 assatos,
841 4835 949 4906 deinde,
1004 4838 1218 4900 ootrbrmandam
1231 4841 1321 4900 lacere
1333 4843 1450 4914 uuudasn
1464 4843 1545 4904 alodo
1560 4855 1665 4914 posset,
1685 4843 1738 4902 duo
1750 4842 1804 4900 alia

153 4932 250 5006 pausis
263 4931 420 5006 quibusdam
438 4933 472 4989 de
491 4931 549 5004 ipsa
569 4930 650 5004 buius
670 4931 767 5003 prioris
786 4929 952 5004 tempestatis
1004 4943 1172 5005 argumenta,
1192 4950 1264 5007 qna,
1286 4936 1409 5006 quamtis
1422 4936 1525 4994 naluora
1539 4951 1602 4994 asse
1613 4935 1804 4994 liosbeutianis

155 5027 264 5086 sadans
280 5027 404 5100 aspersis,
418 5027 445 5083 in
468 5017 579 5096 austum,
592 5043 646 5100 qua
658 5027 709 5086 istu
721 5025 832 5086 alllietio
846 5027 951 5084 initium
1003 5023 1084 5082 iaeile
1101 5028 1229 5097 patimur,
1252 5042 1307 5084 uon
1332 5035 1424 5084 tauma
1442 5027 1553 5084 manino
1574 5026 1719 5098 rejicienda
1743 5043 1804 5086 esse

155 5119 271 5194 ceperit,
286 5127 409 5180 aeutrate
424 5119 600 5194 inquiramus.
1006 5119 1140 5179 nitantur.
1168 5116 1254 5176 Unam
1272 5129 1315 5178 est
1328 5119 1392 5195 bue,
1408 5120 1481 5194 quod
1491 5117 1580 5176 AEliaa
1599 5117 1755 5192 Spartianus
1768 5119 1804 5177 de

156 5257 217 5330 16.
229 5287 265 5300 -
277 5258 580 5331 Deipsttlraeueuatlotse
592 5261 735 5334 disputatur
749 5263 794 5326 ltu,
809 5269 837 5316 ut
849 5259 954 5317 aaron·
1285 5315 1290 5326 ,
1610 5313 1639 5328 ,.
1755 5311 1762 5324 .

194 5361 287 5408 struas
300 5353 376 5410 tolera
388 5354 570 5410 extitissemus
584 5351 672 5411 Seueri
684 5353 812 5423 edietum·
836 5369 912 5422 quarn
926 5354 954 5410 iss
1004 5315 1514 5445 p‘ffiffiffifflmgpmpss
1530 5393 1558 5432 ,η
1585 5311 1804 5442 mmm

194 5461 249 5502 reus
263 5445 398 5518 propositis
418 5443 552 5501 Mosbesnii
572 5445 727 5516 argumentis
741 5445 792 5500 alla
806 5445 953 5520 nounadp'l-
1004 5448 1072 5492 serta
1091 5441 1188 5494 estad.
1201 5439 1222 5492 l·
1246 5443 1451 5493 Dissertationum
1474 5441 1528 5506 elus
1558 5444 1587 5492 au
1616 5441 1741 5490 hruodum
1758 5453 1802 5490 oe·

194 5542 305 5609 ciuntur,
319 5549 343 5595 el
355 5525 459 5596 initiunt
470 5541 566 5612 cepisse
579 5539 611 5594 Α.
627 5536 660 5596 P.
676 5537 704 5594 d.
719 5537 756 5594 N.
768 5537 906 5598 ducum.
1003 5505 1282 5620 ffiffe'mffiuffifu
1295 5505 1463 5618 liaffifflbffl
1477 5507 1597 5632 113ῗὲιὲ
1613 5504 1802 5626 ffllffoffl

508 5681 514 5694 .
629 5683 656 5696 ..
765 5683 770 5695 ,
1002 5631 1178 5703 accuratiorem
1198 5641 1241 5690 ea,
1278 5641 1334 5678 num
1353 5582 1573 5682 uaddtsmdststoa
1592 5630 1626 5692 (u.
1646 5626 1802 5700 Tltessstrum

227 5680 323 5753 Culpa,
338 5691 547 5742 euremarertnt
560 5682 635 5740 mults
650 5700 677 5740 m
689 5682 841 5742 dellateuda
855 5697 951 5742 eorum
1002 5691 1161 5756 Epistularum
1179 5693 1241 5744 laser
1294 5705 1366 5754 ruat,
1387 5700 1446 5744 tom.
1464 5693 1486 5748 1.
1499 5688 1709 5762 p.illl.);sedrd
1721 5700 1802 5763 eonar-

152 5776 285 5838 liltroruut
300 5773 450 5832 Tertulliani
470 5783 566 5870 rotate,
590 5775 636 5849 qni
661 5785 781 5848 tempore
803 5777 951 5836 uenationis
1001 5754 1223 5873 ffiffisttssgltgffi
1233 5754 1803 5879 ἳὲἰβξὲθυὲιὲὓετῶιὶεᾶωιωὸιὲοᾙιιᾙῖ

151 5870 308 5934 &sunna
329 5869 422 5945 striati
435 5879 516 5950 ‚stans
529 5867 558 5934 itt
573 5883 607 5934 su
625 5878 667 5934 est
680 5870 751 5932 baud
766 5869 857 5944 alubis,
878 5867 951 5945 quad
1002 5877 1093 5944 pass,
1545 5943 1552 5953 ‚
