4084 6334
192 188 248 248 ote
306 176 309 181 ’
873 179 1107 240 merentum
1791 182 1845 241 aaa

193 305 346 364 Christianis
359 305 430 361 idota
445 302 613 376 fabrefacere,
635 305 681 354 cat
699 296 809 354 rendae
829 296 993 365 adamarit,
1006 297 1035 359 Α
1046 294 1162 365 dacium,
1191 312 1274 369 ιμιιιαι
1286 304 1342 354 ιοιιι
1354 298 1503 356 substantia
1525 297 1584 371 eius
1598 296 1714 359 utendas
1738 298 1785 355 sit.
1805 298 1844 354 lta

194 414 225 454 ac
236 397 339 470 quidem
350 412 409 451 cam
420 393 492 449 abad
506 409 555 447 aaa
571 390 675 458 habeat,
689 386 931 461 arrdeeiauatlcap.
948 386 989 461 5).
1043 389 1084 456 lit,
1101 399 1130 445 ut
1142 388 1233 445 omnia
1249 390 1275 444 in
1290 388 1454 451 idololatria.
1469 400 1497 447 et
1509 391 1536 447 in
1549 391 1675 449 emebat
1690 390 1842 448 idololatria

166 544 170 553 ,
195 489 320 546 Prohibet
344 487 419 542 etiam
442 484 638 554 edificationem
659 481 760 554 templi,
782 495 847 548 ara,
861 479 989 547 adiecta,
1044 480 1272 552 deprehendatur.
1287 480 1341 539 Sed
1360 482 1476 541 etalias
1493 498 1575 555 quum
1596 484 1722 541 universa
1744 482 1845 541 teleta

196 586 288 641 domas
301 584 329 636 ia
339 581 461 635 hermem
472 578 600 633 idolorum
620 577 690 651 (ααμ.
711 576 752 647 8).
768 574 836 645 Quia
849 574 925 630 etiam
944 589 990 629 ae·
1044 572 1172 629 aduersus
1186 573 1330 630 bominum
1342 574 1458 645 sapiant,
1473 574 1539 631 uihil
1550 584 1641 633 autent
1654 574 1726 648 quod
1740 574 1843 631 adrer-

197 674 348 749 qetiatioaes
360 670 482 726 mariam
493 686 592 737 carana,
607 684 665 742 qaoe
676 668 711 723 ud
729 667 902 725 idololatriam
915 666 993 737 perti·
1044 682 1091 726 sus
1101 668 1244 725 bantinum
1258 668 1297 741 (i)
1313 672 1409 741 sapiat,
1421 685 1475 726 non
1494 670 1636 727 damantis
1658 678 1686 727 et
1699 669 1846 727 immtutdis

196 777 257 823 aem
270 764 340 841 (cap.
355 764 400 837 ll)
411 781 418 817 z
430 781 446 818 a
456 764 529 836 seatio
542 778 641 833 qaoque
655 761 743 817 diebus
755 760 832 815 etiam
846 758 991 814 arraona-
1046 762 1185 832 spiritibus
1199 763 1355 837 deputetur,
1378 765 1474 836 quibus
1487 764 1557 821 idola
1571 764 1770 835 mancipantur:
1784 764 1846 822 siae

198 860 280 917 neate
308 856 485 913 absimeadam
508 853 590 928 (ααμ.
613 852 671 925 li)
697 872 703 908 :
730 868 811 923 aeque
824 852 903 905 tuuis
920 851 996 905 licere
1046 854 1128 912 dubio
1143 855 1322 913 idololatriam
1339 855 1468 927 admittit,
1483 858 1635 929 quicunque
1647 856 1799 929 delinquita
1815 856 1844 915 id

195 952 386 1007 atataamaee
399 946 555 1003 idololatriae
565 946 635 1016 (cap.
649 944 696 1015 tut
709 963 715 997 :
728 943 912 1014 aequalitatum
927 942 995 996 miii·
1046 948 1119 1005 enim
1133 946 1197 1005 feeit
1210 948 1281 1021 quod
1294 950 1329 1006 ad
1343 949 1474 1007 idolorum
1490 950 1629 1023 muricipem
1644 952 1772 1023 patainei,

196 1044 269 1108 tium,
283 1043 311 1097 ia
321 1058 373 1110 qao
384 1039 548 1096 militandum
561 1040 594 1094 sit
603 1037 650 1093 sab
661 1038 735 1109 siquo
746 1036 843 1090 diaboli
853 1034 923 1109 (cap.
936 1035 993 1105 l9);
1355 1044 1470 1101 CAPUT
1489 1044 1522 1101 ΙΙ,

199 1128 932 1207 dejerationemomnemeuellercule,mediusFidius,
949 1141 996 1181 aec
1081 1134 1136 1193 seq
1173 1138 1299 1195 „priver-sq
1338 1138 1447 1195 nomine
1482 1140 1625 1195 eriminum
1650 1138 1791 1196 eamdem
1816 1138 1845 1197 in

197 1242 250 1282 aaa
263 1226 448 1297 abjurationem
458 1222 562 1293 iupiter
573 1222 619 1277 tibi
630 1221 666 1277 sit
678 1222 774 1288 iratus,
786 1228 809 1276 et
823 1219 990 1286 arthemiam,
1044 1241 1156 1299 operum
1184 1244 1293 1285 suerum
1330 1231 1531 1302 proprietates;
1564 1240 1704 1296 remaneat
1730 1231 1870 1287 idolola·

191 1323 394 1396 responsionem,
418 1322 474 1377 iuro
489 1320 548 1385 tibi,
559 1318 664 1373 durarunt
678 1327 701 1372 et
712 1325 853 1372 execratur.
868 1314 993 1371 Ceteram
1043 1319 1094 1376 tria
1122 1320 1148 1374 ia
1174 1335 1207 1376 ea
1227 1319 1298 1393 quud
1313 1321 1370 1392 ipsa
1384 1330 1426 1378 cst
1441 1340 1447 1376 :
1462 1323 1560 1378 suttlcit
1573 1322 1624 1379 sibi
1638 1331 1691 1377 tarn
1706 1323 1844 1379 inimicum

200 1419 229 1473 ia
250 1416 403 1490 perlegendo
425 1417 472 1470 lter
492 1422 603 1469 tractata
615 1412 767 1467 discretione
778 1426 844 1481 epar
856 1418 894 1465 eet
909 1426 919 1463 .-
935 1424 993 1478 qate
1043 1411 1100 1468 bea
1114 1426 1225 1480 nomeu,
1239 1422 1293 1468 arnt
1314 1412 1436 1485 locuples
1458 1416 1605 1470 substantia
1634 1415 1764 1483 criminis,
1780 1430 1842 1486 quat

192 1514 264 1569 caim
275 1513 343 1569 uelat
363 1509 492 1583 qeaaalie
514 1507 641 1580 principia
659 1503 835 1560 Tertullianus
848 1502 889 1557 hic
902 1502 990 1573 pouit,
1045 1512 1084 1558 tot
1098 1519 1188 1560 rrimus
1201 1505 1324 1577 porrigit,
1337 1514 1390 1561 taut
1404 1521 1487 1561 renas
1498 1507 1617 1563 deluudit
1635 1506 1686 1578 (8),
1703 1516 1731 1564 ιιι
1743 1508 1777 1565 de
1792 1509 1844 1563 hac

195 1607 251 1677 [ere
268 1603 354 1659 carrae
375 1619 434 1657 aera
448 1610 526 1667 auat,·
546 1608 705 1655 aoa‘uatem
719 1598 805 1653 amaia
827 1611 886 1651 aera
907 1603 989 1664 aurat,
1044 1612 1105 1653 curu
1120 1598 1237 1654 trtaairnc
1252 1599 1364 1655 materia
1377 1609 1500 1671 stucrpta
1515 1601 1568 1669 sit,
1584 1610 1650 1672 quat
1664 1600 1752 1656 tundis
1767 1602 1845 1657 arabis

195 1711 254 1767 qua
263 1696 354 1750 exinde
368 1694 479 1749 deducit.
492 1691 578 1748 Luae.
1005 1666 1033 1727 Β
1047 1690 1220 1761 pracoreuda
1236 1691 1272 1747 sit
1285 1691 1443 1747 idololatria
1467 1692 1589 1749 latitudo.
1602 1694 1733 1763 Quottiatn
1750 1693 1844 1748 urulti·

460 1783 578 1841 CAPUT
597 1780 743 1840 Ptttttbtt.
1045 1782 1138 1838 tertam
1151 1799 1243 1839 seruos
1252 1784 1299 1839 bei
1313 1800 1364 1841 uec
1378 1794 1479 1839 tanturn
1492 1785 1623 1855 ignorata,
1636 1785 1684 1841 sed
1698 1786 1778 1841 etiam
1788 1785 1845 1840 dis·

226 1881 377 1953 Principale
404 1880 506 1936 crimen
542 1877 649 1950 generis
663 1875 784 1942 humaui,
808 1887 934 1930 summus
947 1886 992 1928 se·
1045 1874 1168 1930 simulata
1192 1877 1331 1932 rubr-erm.
1347 1877 1472 1945 Plerique
1491 1878 1670 1933 idololatriam
1686 1878 1845 1945 simpliciter

189 1974 243 2031 culi
265 1956 367 2039 reatus,
388 1981 444 2027 tota
471 1984 567 2026 caussa
596 1966 710 2039 judicii,
737 1965 897 2023 idololatria.
924 1965 992 2020 Nam
1046 1968 1202 2025 existimant
1223 1968 1265 2025 his
1284 1970 1349 2025 solis
1364 1968 1450 2025 modis
1471 1968 1700 2041 interpretandam
1716 1989 1722 2024 :
1739 1971 1761 2026 si
1783 1971 1846 2041 quis

188 2069 241 2127 etsi
253 2083 330 2125 suam
355 2067 473 2137 speciem
502 2070 575 2120 tcuct
602 2062 813 2134 unumquodque
839 2060 991 2126 delictum,
1045 2070 1092 2117 aut
1113 2061 1248 2131 incendat,
1263 2074 1309 2117 aut
1323 2056 1453 2125 iuturolet,
1470 2075 1516 2117 aut
1530 2064 1673 2131 polluceat,
1689 2072 1735 2118 aut
1757 2064 1844 2118 sacris

189 2164 241 2220 etsi
267 2177 318 2219 suo
343 2175 450 2232 quoque
477 2157 587 2213 nomine
613 2156 623 2227 (
637 2156 674 2226 l)
705 2155 807 2225 judicia
828 2154 989 2221 destinatur,
1043 2154 1175 2225 aliquibus
1188 2164 1235 2209 aut
1246 2154 1404 2211 sacerdotiis
1414 2152 1840 2227 obligetur:quemadmodumsi

175 2257 218 2312 .iu
242 2253 400 2311 idololatriac
423 2261 513 2306 tauten
550 2248 663 2305 crimine
684 2248 856 2319 expungitur.
891 2246 991 2304 Omitte
1041 2246 1102 2317 quis
1114 2246 1253 2303 existimet
1266 2247 1428 2303 adulterium
1440 2249 1468 2304 iu
1488 2249 1601 2317 osculis,
1621 2257 1650 2305 et
1663 2250 1688 2305 in
1704 2248 1843 2320 amplexi·

188 2348 295 2411 titulos,
322 2361 421 2416 operas
454 2355 619 2414 recognosce
642 2338 684 2414 (Ξ)
700 2358 707 2396 :
723 2340 890 2405 idololatres,
917 2339 990 2394 idern
1041 2338 1103 2406 bus,
1120 2349 1148 2395 et
1162 2339 1189 2395 in
1204 2340 1259 2411 ipsa
1280 2342 1369 2397 carnis
1383 2343 1576 2413 cottgressioue
1589 2343 1757 2399 censendum
1773 2362 1780 2398 :
1795 2351 1842 2397 aut

187 2436 323 2495 homicida
338 2447 390 2493 est.
411 2434 516 2505 Quaeris
542 2448 621 2503 quoru
644 2430 792 2487 emittenti
816 2430 843 2487 'si
865 2429 929 2501 quid
956 2429 991 2486 ad
1042 2429 1215 2485 laamicidium
1232 2432 1257 2485 ia
1271 2432 1326 2487 sala
1340 2434 1478 2505 sataguiuis
1490 2433 1654 2503 prolusione,
1667 2445 1694 2491 et
1708 2436 1841 2497 inaralnuc

189 2531 271 2602 elogii
298 2528 470 2585 amb'tiouem
499 2525 574 2589 lacit,
597 2538 650 2580 aton
676 2533 845 2589 extraneum,
872 2537 922 2578 nec
940 2520 991 2577 iai·
1041 2524 1180 2594 ereptione
1195 2526 1371 2595 reputandum
1388 2528 1513 2599 (dietih,
1532 2528 1642 2603 that).
1655 2532 1760 2587 atenim
1785 2530 1841 2585 bo·

187 2624 301 2691 micum,
322 2622 370 2678 setl
389 2637 421 2678 se
434 2622 533 2692 ipsum.
549 2619 651 2689 Quibus
670 2616 797 2674 insidiis?
815 2617 917 2674 erraris
936 2611 988 2697 stri.
1042 2615 1372 2685 minusquamexteusius
1386 2619 1643 2692 istadispanatcerti
1657 2638 1759 2687 suuuts,
1777 2636 1840 2677 eum

186 2716 249 2783 Quo
259 2715 331 2771 telo?
344 2712 446 2769 eliense
463 2712 521 2767 bei.
533 2710 604 2781 Quint
619 2710 864 2782 plagistquutquat
876 2709 990 2765 idolola·
1042 2708 1204 2765 adulterium
1220 2712 1300 2766 etiam
1315 2712 1341 2764 tu
1358 2704 1573 2784 concupiscentia
1586 2716 1725 2787 designat,
1741 2716 1762 2771 si
1772 2731 1841 2771 ocu·

185 2808 258 2863 triis.
270 2806 322 2875 Qui
341 2811 420 2876 negat
430 2803 592 2859 idololatren
607 2801 721 2873 perisse,
742 2800 768 2856 is
780 2801 888 2873 negabit
900 2800 990 2858 idolo·
1043 2803 1096 2858 lunt
1109 2803 1168 2875 quis
1188 2805 1329 2878 impegerit
1343 2806 1495 2875 libidinose,
1511 2818 1538 2865 et
1553 2808 1670 2865 auitumu
1681 2824 1840 2865 commore-

187 2901 276 2957 latren
296 2896 470 2955 homicidium
495 2895 600 2952 iecisse.
629 2893 745 2951 Proinde
766 2892 807 2967 (5)
827 2891 990 2952 adulterium
1042 2896 1079 2952 rit
1093 2893 1227 2967 impudice
1250 2896 1386 2969 (itidem)
1411 2914 1499 2954 :curn
1516 2900 1690 2956 ltonticidium
1711 2900 1792 2957 ctiam
1812 2901 1839 2965 iu

187 3002 215 3051 et
225 3000 347 3063 stuprum
362 2990 389 3045 in
404 2988 499 3044 eodem
510 3000 689 3058 recognoscas
701 3003 708 3039 :
718 3000 779 3041 nant
789 2986 837 3058 qui
847 2986 920 3042 taleis
931 2987 990 3043 deis
1042 2987 1125 3044 uerbo
1147 2986 1284 3045 maledicti
1299 2989 1342 3045 rel
1362 2991 1474 3047 curtricii
1488 2991 1592 3061 judicat
1611 2992 1662 3067 (9),
1679 3002 1707 3048 et
1724 2994 1751 3047 iu
1766 2994 1839 3049 omui

186 3086 282 3151 servit,
306 3084 365 3140 sine
385 3081 468 3138 dubio
490 3080 595 3137 adulter
608 3087 651 3135 est
670 3078 803 3149 veritatis,
825 3080 888 3150 quia
907 3094 989 3137 omne
1043 3078 1142 3149 impetu
1157 3081 1215 3147 irre,
1231 3090 1259 3136 ct
1274 3081 1301 3136 in
1315 3080 1476 3155 negligentia
1493 3072 1613 3141 caritatis
1626 3085 1653 3140 iu
1664 3084 1785 3141 tratrem.
1796 3084 1839 3142 Si·

186 3180 287 3236 lalsum
300 3176 461 3233 adulterium
474 3183 526 3230 est.
539 3171 585 3230 Sic
599 3181 626 3228 ct
640 3172 667 3227 in
681 3172 723 3243 (l)
737 3180 831 3243 stupro
845 3173 986 3243 mergitur.
1041 3178 1086 3226 cut
1101 3168 1204 3244 (teau,
1220 3171 1265 3238 lll,
1277 3173 1448 3244 iblioanues
1457 3175 1537 3232 docet
1549 3177 1712 3233 homicidam
1721 3194 1783 3235 esse
1792 3178 1838 3251 qai

185 3271 252 3341 Quis
272 3270 345 3328 euim
360 3267 506 3325 immundis
527 3265 666 3338 spiritibus
685 3274 822 3336 operatus,
845 3279 899 3320 uon
919 3280 986 3321 cou-
1041 3262 1128 3319 oderit
1151 3264 1271 3321 lratreru.
1288 3266 1412 3337 altaque
1436 3268 1464 3322 in
1488 3267 1594 3325 modico
1620 3270 1790 3337 consisteret,
1811 3278 1840 3325 ct

185 3373 328 3439 spurcatus
342 3373 369 3421 et
383 3369 575 3431 constupratus
589 3358 689 3415 incedit
706 3359 717 3430 (
734 3358 839 3427 dasch,
861 3356 987 3431 llxllllt
1039 3358 1139 3414 diaboli
1154 3358 1289 3431 ingenium
1309 3360 1344 3415 de
1364 3361 1474 3427 matitia,
1491 3371 1518 3417 et
1540 3362 1587 3417 bei
1612 3362 1716 3418 bomini
1732 3362 1791 3438 (ιθ)
1804 3362 1839 3420 de

187 3462 277 3531 Atque
290 3457 359 3514 adeo
371 3456 517 3527 Scriptura
538 3460 639 3508 sanctae
653 3450 738 3521 stupri
758 3450 891 3507 vocabulo
904 3459 987 3508 utun·
1040 3450 1191 3523 disciplina,
1208 3466 1260 3523 qua
1277 3467 1328 3508 nes
1343 3452 1587 3509 adversusdiaboli
1601 3454 1757 3511 altitudines
1780 3454 1841 3529 (ll)

185 3562 231 3609 tur
242 3551 270 3608 in
284 3549 445 3608 idolotatria
458 3546 677 3619 exprobratione.
693 3544 807 3601 Fraudis
819 3544 940 3600 conditio
953 3558 987 3600 ea
1040 3545 1126 3601 munit
1141 3544 1271 3616 (blatta,
1288 3544 1321 3612 ll,
1334 3548 1371 3617 es.
1390 3546 1485 3617 Aper..
1501 3546 1534 3603 V.
1547 3547 1607 3619 il),
1623 3549 1647 3604 si
1669 3550 1695 3604 iu
1716 3546 1758 3603 his
1778 3546 1837 3620 (ιῖ)

186 3653 229 3701 cst
250 3642 357 3715 opinor,
372 3639 396 3697 si
410 3641 470 3712 quis
484 3639 604 3695 alienum
620 3637 724 3708 rapiat,
738 3644 786 3691 aut
798 3635 844 3691 alii
865 3632 987 3691 debitum
1041 3648 1144 3694 tautum
1155 3637 1259 3694 delictis
1269 3637 1463 3708 iudicaremur,
1479 3655 1540 3711 qua
1552 3640 1633 3695 etiam
1647 3640 1771 3697 nationes
1788 3639 1836 3696 dc·

188 3734 313 3807 deneget,
323 3742 352 3789 et
366 3732 457 3803 utique
469 3729 678 3803 ergahomiaem
689 3728 807 3784 admissa
818 3728 892 3784 lraus
902 3727 987 3783 maxi·
1039 3738 1182 3787 creverunt
1203 3729 1372 3786 uindicanda.
1398 3728 1540 3798 Quomodo
1563 3730 1711 3786 abundabit
1734 3730 1837 3801 iustitia

185 3828 224 3884 mi
234 3825 356 3883 criminis
370 3838 468 3881 nornen
485 3831 537 3879 est.
554 3823 664 3879 atenim
685 3821 837 3877 idololatria
863 3820 986 3876 haudem
1039 3833 1130 3879 nostra
1145 3838 1227 3893 super
1239 3822 1341 3879 scribas
1355 3834 1383 3878 ct
1395 3824 1554 3894 phariseos,
1572 3835 1601 3881 ut
1615 3824 1746 3879 bantinus
1766 3838 1837 3895 prae·

182 3918 243 3977 beo
257 3918 330 3983 lacit,
346 3916 462 3971 hencres
483 3915 522 3970 illi
543 3929 607 3972 suos
628 3914 777 3984 denegans,
800 3922 829 3970 et
844 3913 987 3971 corrlereus
1039 3914 1158 3985 scripsit,
1172 3914 1223 3970 uisi
1236 3913 1428 3970 abundantiam
1441 3914 1605 3971 adversaria·
1619 3916 1687 3987 ejus,
1703 3914 1784 3970 idest
1798 3916 1838 3969 iu-

183 4009 256 4078 aliis,
270 4020 299 4064 ut
311 4008 398 4065 iraudi
413 4010 493 4065 etiam
506 4008 697 4063 contumeliam
708 4007 863 4079 conjungat.
876 4007 986 4077 Quodsi
1037 4007 1148 4079 justitia
1161 4009 1398 4079 perspexerimus?
1413 4007 1489 4077 Quod
1505 4010 1527 4063 si
1541 4020 1621 4079 caput
1634 4009 1769 4079 iniustitiae
1778 4008 1837 4063 ido·

186 4109 241 4156 tana
254 4101 328 4157 lraus
349 4115 430 4171 quana
447 4108 572 4171 stuprum
592 4109 673 4171 atque
687 4099 848 4156 adulterium
870 4109 986 4157 mortem
1037 4100 1143 4157 lalatria
1163 4108 1214 4164 est,
1229 4101 1303 4171 prius
1324 4111 1365 4156 est
1380 4103 1416 4156 uti
1433 4102 1564 4159 aduersus
1575 4100 1767 4158 uburrdautiarn
1781 4100 1838 4156 ido-

185 4192 313 4261 atterant,
327 4192 383 4263 latu
396 4192 423 4247 iu
443 4192 485 4249 bis
500 4207 577 4263 aeque
590 4191 783 4263 (5)idolalatria
795 4192 830 4249 dc
850 4192 986 4248 homicidii
1037 4195 1151 4251 lolatrite
1167 4194 1387 4265 premuniamur,
1402 4194 1466 4251 dum
1482 4196 1552 4250 illam
1565 4210 1619 4251 nou
1635 4194 1721 4251 solutu
1737 4195 1764 4251 in
1779 4208 1835 4250 ιιια·

183 4295 261 4341 reatu
275 4298 328 4339 aon
342 4284 479 4340 liberatur.
494 4285 560 4341 Post
579 4286 642 4339 talia
654 4283 777 4351 crimina,
790 4296 845 4340 tam
857 4286 984 4353 exitiosa,
1038 4287 1142 4346 uitestis
1155 4287 1383 4359 recognoscimus.

184 4390 241 4437 tatu
256 4380 426 4437 devoratoria
446 4373 553 4446 salutis,
568 4386 665 4435 caetera
685 4394 793 4451 quoque
814 4378 930 4450 aliquem
952 4381 1026 4455 adq)
1339 4380 1455 4439 catur
1479 4381 1523 4447 ΙΙ).

185 4472 295 4531 modum
318 4482 346 4530 ct
365 4487 487 4527 seersum
503 4471 616 4543 proinde
630 4473 819 4542 disposita,ia
833 4472 983 4529 idololatria
1072 4471 1174 4529 idolum
1210 4472 1365 4545 aliquandiu
1396 4482 1470 4529 retra
1506 4488 1558 4527 raon
1583 4482 1650 4529 erat.
1676 4472 1836 4542 Priusquam

186 4565 367 4624 conditionem
381 4579 457 4619 suam
476 4576 683 4635 repraesentant.
698 4565 727 4620 lu
743 4566 787 4621 illa
801 4566 982 4641 etcoacupis·
1036 4566 1115 4637 hujus
1137 4564 1250 4622 monstri
1273 4566 1389 4621 artilices
1411 4565 1578 4630 ebullissent,
1603 4565 1660 4621 sola
1684 4565 1783 4635 templa
1809 4574 1837 4621 et

183 4660 281 4717 centia
292 4658 393 4716 sacculi.
408 4657 473 4727 Qua
492 4658 564 4713 euim
576 4658 735 4715 idololatriae
749 4660 906 4717 solemnitas
924 4659 984 4717 sine
1035 4672 1126 4715 uacua
1150 4658 1223 4714 aedes
1248 4668 1344 4723 erata,
1374 4658 1444 4713 sicut
1481 4658 1506 4713 iu
1538 4656 1698 4715 hodiernum
1724 4658 1836 4730 quibus-

183 4751 333 4808 ambitione
346 4751 434 4807 cultus
448 4750 659 4807 ct'oraatusilu
673 4752 719 4806 illa
729 4751 845 4809 lasciuiae
857 4752 984 4809 etebrie-
1035 4750 1097 4807 dana
1132 4752 1198 4807 lacis
1229 4752 1369 4807 vetustatis
1399 4752 1510 4821 vestigia
1534 4764 1702 4822 permanent.
1732 4752 1853 4809 Tamen.

187 4852 269 4914 tates,
292 4860 353 4902 cum
379 4845 522 4918 plurimum
548 4845 633 4900 rictus
648 4854 675 4900 et
697 4845 798 4902 rcrttris
817 4853 846 4901 et
866 4846 984 4903 libidinis
1035 4845 1186 4901 idololatria
1201 4845 1340 4916 agebatur,
1356 4860 1409 4900 nou
1425 4845 1451 4900 iu
1473 4846 1524 4901 isto
1539 4845 1659 4914 nornine,
1674 4844 1722 4901 sctl
1742 4845 1769 4901 iu
1783 4846 1835 4901 isto

184 4952 281 4995 caussa
291 4938 493 5009 frequentantur
507 4937 559 5010 (6).
574 4937 604 4993 lu
618 4938 663 4993 illa
678 4938 818 5009 injustitia.
829 4940 899 5007 Qtud
910 4941 982 4996 euim
1034 4952 1126 5010 opere.
1141 4936 1208 4993 Nam
1222 4945 1250 4992 et
1264 4935 1344 4991 hodic
1356 4948 1432 4993 extra
1448 4937 1575 5009 templum
1588 4949 1616 4994 et
1628 4938 1688 4993 sine
1701 4936 1774 4993 idola
1791 4939 1834 5009 agi

182 5032 310 5104 injustius
321 5047 363 5099 ea,
379 5032 559 5103 quujustitim
570 5032 677 5088 Patrem
692 5033 790 5089 nescit?
802 5034 830 5091 lu
843 5033 886 5089 illa
899 5035 981 5091 etiam
1034 5040 1133 5104 potest.
1157 5031 1192 5085 ht
1213 5028 1257 5083 ubi
1272 5028 1388 5085 artiilces
1410 5038 1558 5085 statuarum
1575 5040 1602 5086 ct
1626 5031 1781 5102 irrragiuum,
1805 5040 1833 5087 et

178 5124 296 5191 vanitas,
323 5139 405 5196 quatu
430 5132 485 5180 tcta
506 5124 566 5195 ejus
580 5124 649 5181 ratio
663 5140 731 5181 vana
745 5126 798 5194 sit;
815 5126 842 5182 in
854 5125 899 5184 illa
909 5141 981 5183 men·
1033 5125 1122 5183 curnis
1134 5125 1242 5197 generis
1259 5125 1463 5182 sintulacroruut
1476 5124 1600 5183 diabolus
1615 5125 1716 5183 saecula
1727 5124 1830 5195 intulit,

797 5268 991 5329 bucularius
1012 5266 1219 5327 vastamus.

215 5391 226 5441 l
261 5389 382 5455 Quodque
393 5392 493 5441 nomine
504 5392 567 5443 Jaa.
633 5454 640 5465 ο
914 5438 924 5452 ,
1026 5462 1031 5473 ¹
1067 5396 1093 5458 7)
1110 5394 1191 5469 Deum
1205 5390 1392 5471 7-beum1tr'p.

201 5390 665 5635 hisamitarum·
1024 5454 1431 5580 rtttttattatttt·

213 5577 228 5628 t
257 5575 428 5644 laubertlbq.
630 5612 635 5619 ι
1072 5581 1101 5631 lb
1128 5579 1260 5631 boninum
1270 5582 1335 5632 Jaa.

201 5638 229 5767 (Β
257 5636 514 5711 iambisrequelaa.
1026 5700 1029 5707 ¹
1071 5644 1095 5693 ll
1128 5640 1281 5714 Latitudines
1296 5644 1389 5694 Wotttu.
1402 5644 1438 5691 li.
1449 5639 1546 5706 S.‚lliq.

212 5700 239 5764 a)
250 5700 522 5767 frequentaturore.
1059 5704 1104 5767 (ll.
1127 5702 1267 5758 Sibisalu.
