4084 6334
156 328 216 394 317
370 328 379 355 “
737 331 963 393 ntsstttvtvlo
980 282 1013 389 Β.
1035 331 1080 389 lu
1098 334 1252 395 nubunt.
1760 348 1816 409 8¹8

162 455 242 510 darm
269 458 294 508 et
319 451 465 509 Stratonida
491 450 566 525 ipriri
588 456 668 523 poeta
689 450 801 523 iurique:
826 449 959 506 traduntur.
975 446 1065 510 Anus
1078 458 1171 508 noster
1186 452 1296 524 Diogeni
1310 454 1459 525 adscribit,
1472 455 1506 513 ab
1519 456 1573 514 alio
1585 457 1708 531 ejusdem
1720 462 1811 517 nomi-

162 548 374 605 Posteaveroad
388 562 487 603 annum
507 545 588 610 tete,
603 544 732 613 Hieram,
746 546 822 617 cujus
834 544 961 601 llinruius
1012 540 1074 611 nis,
1089 540 1137 599 sed
1161 543 1259 613 atheo,
1275 546 1375 619 scripta
1389 546 1475 605 inisse
1493 549 1664 619 contendas,
1679 551 1812 611 habemus

164 639 238 699 Felix
254 641 393 709 meminit,
417 649 475 713 post
496 638 618 697 Gelonem
639 638 777 713 Syracusis
798 638 960 711 tyrannidem
1012 636 1121 707 quidem
1135 636 1289 705 AElianum,
1305 640 1367 711 qui,
1384 640 1532 712 utquidam
1551 641 1644 713 aiunt,
1658 642 1811 715 flagitioso·

160 732 304 789 mercetur.
315 732 450 801 Quantum
465 747 530 803 ergo
548 732 622 804 prior
633 731 731 788 Thales
744 746 760 786 a
772 729 867 788 Croeso
881 729 961 786 distat
1012 745 1073 785 rura
1088 730 1216 789 horumce
1229 730 1368 788 hominurn
1381 733 1456 804 gregi
1467 732 1657 793 adnumeravit
1664 734 1811 809 Diogenem

163 836 261 897 artata,
281 836 384 883 tanturn
411 826 564 883 Simonides
579 826 666 882 eidem
689 825 799 881 llieroni
823 823 961 897 protimus
1012 821 1143 895 phrygem
1153 820 1267 895 (AEliaa.
1279 823 1324 879 tit.
1338 824 1359 879 ΙΙ
1368 840 1421 880 oar.
1435 823 1517 896 litet,
1533 826 1732 902 timorum,
1744 846 1817 903 prm.

162 934 224 977 esse
238 919 346 976 dieitur.
361 918 429 975 linio
441 919 522 991 igitur
535 918 667 976 Simonidi
681 918 783 989 caragis,
797 932 876 989 quam
890 917 961 971 Tha
1014 924 1138 986 terquam
1151 914 1224 985 qnod
1237 916 1264 971 iu
1276 924 1369 971 nostra
1382 914 1512 972 librorum
1527 916 1627 977 AEliani
1641 920 1760 979 editione
1772 922 1816 979 le-

163 1012 211 1071 leti
232 1012 406 1085 physicorum
435 1012 567 1084 principi,
591 1011 755 1068 conveniunt
768 1012 856 1066 citatae
871 1010 904 1067 de
918 1010 961 1067 hi·
1012 1008 1085 1077 gitur
1111 1008 1255 1080 Dionysius
1271 1006 1385 1080 Phryx,
1414 1007 1504 1064 nullus
1526 1009 1604 1068 nobis
1625 1010 1813 1071 indicarituhi

161 1108 274 1164 vinitore
289 1107 464 1178 interrogatio
475 1115 504 1163 et
523 1106 676 1178 responsio.
699 1104 740 1162 sd
755 1104 812 1161 haec
825 1120 891 1162 roro
911 1104 960 1161 lti-
1013 1100 1146 1175 Diogenes
1160 1101 1221 1169 iste,
1231 1102 1287 1159 sive
1298 1100 1455 1173 Dionysius,
1466 1102 1548 1158 citata
1558 1103 1592 1161 ab
1601 1113 1815 1167 auctorenostro

162 1200 230 1255 anulii
243 1200 336 1271 opinio
350 1214 383 1254 eo
397 1197 486 1257 adhue
498 1198 603 1255 videtur
618 1198 792 1271 probabilior,
803 1198 874 1271 quod
887 1198 963 1256 Cice·
1013 1196 1096 1254 verba
1110 1196 1335 1266 pronuntiaverit.

164 1292 239 1347 roais
251 1290 412 1347 auctoritate
426 1289 587 1346 stabiliatur.
1049 1288 1170 1343 Aliorum
1189 1302 1253 1344 vero
1269 1286 1487 1359 philosophorum
1503 1287 1620 1346 maxima
1638 1288 1689 1346 luit
1702 1290 1737 1353 de
1759 1291 1816 1351 beo

198 1382 892 1454 NequediserisplunimosirrEusehianoClrronieo
902 1396 963 1439 esse
1013 1380 1170 1451 opinionum
1191 1381 1308 1437 roricios
1327 1389 1354 1434 et
1373 1380 1527 1436 dissensio:
1552 1379 1605 1435 dlii
1626 1382 1703 1450 emm,
1728 1383 1816 1455 inquit

162 1475 190 1532 iu
204 1475 362 1548 assignanda
376 1476 520 1532 illustrium
532 1477 651 1534 virorum
664 1485 745 1546 aetate
759 1492 884 1543 errores:
900 1491 961 1532 nam
1014 1474 1214 1539 Tertullianus,
1233 1474 1359 1528 nimirum
1373 1472 1515 1540 Platonici,
1529 1474 1717 1547 incorporalem
1729 1475 1815 1532 heum

161 1570 316 1642 qniemque
353 1569 391 1624 itti
415 1570 490 1639 sint,
519 1585 600 1626 nemo
620 1584 686 1626 sane
710 1572 819 1641 negabit
842 1570 962 1627 Thaletis
1014 1577 1159 1623 asmoerant
1180 1566 1190 1637 (
1210 1566 1356 1639 Apotoqet„
1378 1583 1436 1636 cup.
1461 1566 1510 1633 tt,
1532 1582 1592 1639 pop.
1613 1566 1667 1625 dis
1685 1566 1707 1641 Ι.
1735 1550 1817 1627 Visne

163 1661 267 1734 physici
286 1661 427 1733 Croesique
451 1670 573 1733 tempora
587 1664 703 1735 magis:
723 1678 754 1719 se
782 1659 962 1719 inricem‘se·
1014 1659 1132 1729 aliquem
1145 1658 1191 1715 tibi
1209 1667 1305 1715 testem
1325 1656 1460 1729 protervit
1474 1657 1516 1713 En
1538 1657 1615 1717 adest
1633 1658 1815 1735 Cicero,fqui

163 1755 251 1827 propt,
266 1771 347 1828 quarn
361 1766 390 1812 ut
405 1754 487 1812 simul
505 1756 607 1813 risisse
620 1756 752 1812 dicantur.
769 1756 824 1813 Nee
835 1765 877 1813 est
890 1756 963 1825 quod
1014 1752 1147 1809 Velleiutn
1168 1752 1209 1809 sic
1227 1752 1261 1809 de
1281 1752 1394 1809 Platone
1417 1752 1571 1823 loquentem
1601 1754 1722 1811 induxit:
1740 1755 1816 1823 Quod

163 1861 260 1917 argoas
271 1856 466 1903 memorantem
472 1847 678 1917 responsionem
687 1848 792 1905 Thaleti
800 1848 962 1920 philosopho
976 1848 1001 1909 B
1014 1860 1072 1901 uero
1086 1846 1141 1900 sine
1152 1860 1259 1917 corpore
1272 1844 1325 1899 ullo
1342 1843 1426 1899 iteum
1436 1845 1491 1900 outl
1504 1862 1567 1911 ease,
1588 1856 1617 1901 att
1630 1845 1712 1903 Graeci
1727 1846 1816 1904 dicuat

162 1951 189 1994 et
203 1940 377 2011 physicorum
390 1938 505 2009 principi
515 1946 588 1995 recte
599 1955 761 2011 congruere,
774 1939 886 1998 minime
897 1956 963 1998 reto
1015 1946 1159 2011 ἀσώματοι,
1180 1939 1207 1993 id
1224 1940 1300 2011 quate
1329 1955 1382 1995 esre
1408 1940 1503 2011 possit,
1527 1938 1637 2012 iuteltiqi
1658 1956 1709 1996 aaa
1735 1950 1817 2013 potest

162 2030 314 2097 Sirrronidi,
337 2032 383 2103 qui
398 2032 520 2102 poetiear,
535 2043 566 2087 ut
576 2031 639 2087 alibi
648 2032 782 2099 vidimus,
794 2046 904 2104 operam
916 2031 964 2090 da·
1013 2031 1109 2106 (Cher.
1126 2034 1145 2088 i.
1161 2031 1169 2087 l
1184 2032 1216 2086 de
1229 2032 1325 2087 tiator.
1335 2033 1418 2099 deor,
1433 2047 1493 2103 pap.
1504 2030 1571 2100 200,
1584 2033 1604 2089 t.
1617 2031 1698 2106 lllll).
1712 2034 1813 2091 Eadem

162 2128 211 2183 bat
225 2126 409 2201 (buretrum
419 2125 519 2183 tdinrc.
528 2126 632 2194 lictae,
645 2142 704 2197 erp.
718 2128 746 2196 3,
756 2138 806 2181 rrt.
819 2128 887 2193 2;et
899 2136 960 2184 torn.
1014 2126 1050 2182 de
1062 2124 1115 2183 hoe
1124 2125 1347 2197 pbilosophorum
1359 2124 1480 2195 principe
1492 2132 1586 2180 narrat
1596 2123 1720 2182 Laertius
1733 2144 1741 2181 :
1755 2122 1818 2197 Opi·

163 2218 185 2274 l.
202 2220 328 2291 Apparet.
340 2236 401 2293 pap.
416 2218 509 2292 test).
529 2218 596 2275 Narn
608 2227 701 2289 poete
715 2218 786 2289 apud
801 2218 924 2277 ethnicos
936 2220 964 2277 in
1014 2229 1106 2285 natur,
1120 2218 1223 2290 inquit,
1236 2218 1359 2283 quintam,
1369 2216 1433 2271 aiem
1449 2214 1542 2284 Deum,
1553 2232 1608 2273 etse
1628 2218 1816 2290 incorporalem

166 2312 353 2384 theologorum
365 2312 534 2368 habebantur
546 2326 671 2367 nurnero.
1014 2321 1142 2391 tropaea:
1170 2313 1233 2367 ritas
1252 2310 1365 2383 (Lucri.
1391 2311 1437 2365 tio.
1468 2308 1524 2377 ΙΙΙ,
1554 2310 1582 2365 iu
1615 2309 1674 2367 Vita
1697 2309 1817 2382 Plutum,

199 2406 320 2477 lienique
343 2405 482 2472 llinutins,
508 2402 648 2461 Ciceronis
673 2403 831 2460 testimonio
856 2402 961 2473 fretus,
1016 2407 1113 2483 ΙΙΙ).
1136 2406 1244 2464 Laertio
1263 2413 1352 2460 autent
1377 2403 1553 2483 Ttumrcbus,
1575 2400 1726 2473 Eusebius,
1742 2407 1818 2479 dpu-

162 2499 251 2572 potnit
262 2496 432 2565 Tertulliani,
448 2497 555 2553 tanutsi
568 2497 654 2567 plura,
667 2497 737 2552 sicut
750 2495 962 2565 observavimus,
1015 2500 1096 2567 leius,
1110 2508 1139 2556 et
1151 2498 1196 2553 aiii
1212 2494 1390 2568 suth-agantur
1403 2492 1571 2565 (Plutarch,
1587 2495 1632 2549 tit.
1651 2494 1705 2551 lde
1717 2494 1815 2553 Placia.

164 2606 196 2644 ea
212 2588 270 2661 r-jrrs
290 2588 365 2644 libris
380 2588 564 2657 excerpserit,
579 2588 652 2644 hane
665 2588 803 2658 corrigere
826 2586 964 2659 deprimo
1016 2594 1180 2666 ptrttosoptr,
1191 2608 1250 2663 rap.
1268 2589 1296 2656 i,
1313 2605 1373 2661 pop.
1396 2586 1459 2652 est:
1483 2585 1578 2643 liutet.
1593 2597 1659 2644 orat.
1673 2588 1813 2659 Constant,

163 2682 278 2738 Thalete
290 2692 317 2737 ct
329 2682 422 2738 Caeso
436 2682 602 2753 opinionem.
628 2681 661 2737 Et
675 2692 748 2737 certe
772 2680 908 2751 quomodo
921 2680 964 2737 hie
1015 2704 1075 2759 pap.
1084 2685 1157 2752 20⁰3
1172 2683 1269 2739 Platon
1279 2694 1339 2738 tom.
1356 2680 1401 2747 ΙΙΙ,
1416 2698 1476 2765 pop.
1492 2680 1587 2750 2738,
1601 2690 1625 2737 ct
1636 2682 1699 2739 aliti
1711 2682 1815 2754 Apulei.

164 2774 264 2832 Thales
284 2774 319 2831 de
341 2775 483 2830 Divinitate
502 2773 683 2845 iuterrogatus
702 2773 769 2829 nihil
797 2773 964 2845 respondere
1015 2777 1123 2834 deliro.

163 2883 245 2926 ausus
255 2867 361 2934 inisset,
372 2868 428 2940 qui,
440 2868 509 2924 sient
522 2866 584 2922 alibi
600 2866 792 2937 riostcumdem
805 2865 963 2923 Ciceronem
1051 2869 1253 2940 erantnmlibet
1272 2880 1361 2926 nartem
1380 2886 1442 2927 vera
1456 2869 1491 2925 sit
1510 2868 1570 2926 haec
1583 2867 1691 2940 opinio,
1707 2869 1742 2926 ab
1756 2868 1815 2927 aliis

163 2960 368 3035 arrqntarinrns,
384 2969 437 3016 tarn
464 2969 539 3017 certo
564 2975 643 3033 quam
667 2958 736 3015 ialso
756 2960 848 3015 docuit
865 2974 963 3031 aquam
1016 2972 1105 3019 tamen
1128 2964 1274 3035 gentilibus
1297 2964 1465 3035 philosophis
1481 2962 1581 3033 reiecta
1599 2970 1650 3019 est.
1669 2960 1736 3018 Nam
1754 2962 1816 3021 Vel·

163 3070 225 3111 esse
236 3069 324 3110 rernm
336 3054 454 3109 annuunt
470 3055 595 3121 initium,
610 3070 642 3109 ac
655 3054 739 3109 herrm
754 3061 870 3108 mentum
882 3069 960 3121 esse,
1014 3055 1081 3111 leins
1094 3055 1164 3126 apud
1176 3056 1344 3124 Ciceronem,
1360 3057 1396 3110 uti
1412 3071 1475 3112 mor
1490 3055 1656 3123 dicebamus,
1665 3055 1813 3113 contende·

162 3164 222 3219 que
235 3165 268 3205 ex
290 3164 359 3221 aqna
370 3148 459 3204 omnia
474 3147 601 3203 loturavit
614 3148 719 3218 (Cicer,
733 3146 778 3202 tiit.
793 3146 804 3201 Ι
818 3145 962 3201 deliratur.
1014 3146 1061 3201 but
1075 3146 1184 3217 intelligi
1196 3163 1248 3203 oon
1263 3162 1341 3218 posse
1353 3147 1416 3217 qtnd
1432 3146 1545 3219 qualeve
1557 3148 1592 3202 sit
1606 3146 1677 3217 qnod
1692 3145 1814 3219 incorpo·

163 3240 234 3296 deor.
246 3283 254 3308 ,
268 3259 328 3314 pnq.
345 3240 417 3306 tut:
433 3238 571 3295 Dissertat.
586 3240 612 3294 iu
626 3238 724 3294 diioui.
739 3255 797 3308 cap.
813 3238 848 3305 d,
865 3248 916 3292 art.
933 3236 997 3304 hc
1014 3253 1089 3293 reum
1104 3248 1214 3293 uocatur
1234 3238 1371 3309 (Sacrae,
1383 3237 1477 3304 Cicer..
1495 3240 1544 3294 too.
1556 3240 1601 3295 rit.
1619 3240 1640 3311 ).
1655 3236 1748 3308 Neque
1768 3240 1814 3293 alii

163 3346 187 3388 er
209 3336 236 3388 in
249 3332 367 3389 heluat.
384 3351 442 3405 cop.
466 3332 516 3400 ts,
529 3342 580 3387 ort.
606 3334 646 3406 Ι).
661 3332 748 3389 Nemo
769 3341 859 3386 autem
884 3330 963 3387 nohis
1014 3328 1095 3383 etiarn
1109 3327 1262 3400 philosophi
1274 3330 1408 3399 explicare
1423 3338 1636 3403 potuer-uniquus
1651 3330 1686 3385 sit
1697 3344 1761 3386 vera
1772 3328 1812 3385 rei

162 3428 285 3499 probavit
297 3427 373 3483 illum
394 3425 428 3482 de
450 3425 501 3481 hae
513 3424 657 3494 sententia,
667 3435 713 3480 aut
726 3423 869 3494 aliquando
882 3422 962 3479 dubi·
1015 3420 1182 3491 incorporeae
1194 3421 1253 3477 idea
1264 3431 1292 3477 et
1305 3423 1389 3477 notio.

163 3530 256 3586 tasse,
272 3528 319 3574 ant
342 3534 403 3574 cam
418 3532 536 3589 unquam
548 3526 678 3573 maesse.
692 3514 720 3573 st
734 3516 794 3587 quis
805 3530 884 3587 porro
898 3514 963 3569 illud
1050 3512 1132 3571 Stoici
1148 3528 1224 3578 vero,
1242 3514 1328 3584 pergit
1345 3515 1446 3569 ductor
1464 3522 1565 3582 noster,
1582 3514 1667 3571 heum
1683 3527 1813 3587 corpora·

163 3612 197 3668 dc
213 3613 268 3668 lieo
287 3627 446 3684 responsum
461 3610 565 3668 Thaleti
578 3610 698 3666 mcundo
717 3608 888 3665 tribuendum
902 3622 964 3666 esse
1015 3605 1068 3660 lent
1092 3618 1153 3661 esse
1177 3604 1357 3675 praedicarunt
1376 3604 1387 3677 (
1406 3603 1560 3661 Tertuttiou.
1586 3605 1734 3678 Apotopet,
1749 3622 1811 3675 cap.

170 3704 334 3779 proharerit,
346 3703 526 3761 delendaesse
540 3701 666 3759 ostendet
675 3716 710 3757 ex
722 3699 877 3757 Tertulliani
889 3708 963 3756 textu
1015 3698 1080 3764 515,
1104 3708 1165 3753 tout.
1194 3696 1368 3768 ldpparat„
1394 3697 1439 3754 tto.
1479 3696 1534 3767 ΙΙΙ,
1562 3698 1662 3755 dissert.
1695 3700 1732 3769 Ι,
1753 3715 1813 3772 cap.

162 3798 222 3856 haee
247 3798 328 3855 rerba
346 3798 534 3870 :Phpsicorurtt
561 3796 688 3869 puuccpa.
713 3794 859 3859 Caeterum,
873 3793 963 3864 cujus·
1015 3794 1061 3861 ΙΙ,
1072 3802 1122 3847 art.
1143 3790 1177 3859 23
1194 3785 1330 3847 dissertat.
1346 3793 1373 3847 iu
1387 3790 1493 3860 illurn,
1509 3810 1567 3865 cap.
1587 3794 1614 3861 Ι,
1629 3802 1679 3851 art.
1696 3793 1731 3849 ΙΙΙ
1741 3794 1761 3868 ).
1776 3795 1815 3852 De

162 3910 279 3965 cumque
305 3890 456 3965 philosophi
479 3889 559 3947 inerit
582 3889 627 3945 illa
648 3874 806 3960 responsio,
820 3887 880 3958 quis
902 3902 962 3943 eam
1014 3886 1066 3943 hac
1085 3892 1174 3942 autem
1195 3884 1346 3941 Stoicorum
1368 3888 1511 3957 opinione,
1528 3903 1588 3960 quae
1607 3888 1680 3957 suis,
1704 3899 1814 3962 propter

161 3988 197 4043 ab
211 3987 258 4044 illo
272 3987 407 4043 adsertam
419 4002 479 4043 esse
494 3987 521 4042 in
536 3983 646 4041 dubium
667 3980 794 4039 vocabit?
810 3981 900 4036 Palam
912 3981 963 4053 iqi-
1014 3980 1121 4037 illorum
1138 3980 1343 4051 repugnantias,
1357 3979 1560 4038 dilsscultatihus
1579 4000 1631 4039 non
1653 3992 1741 4053 caret,
1763 3998 1813 4043 tros

161 4090 205 4137 tur
218 4078 358 4135 contessns
370 4088 412 4135 est
423 4079 541 4151 ignotam
554 4076 605 4133 sihi
616 4076 697 4132 brisso
708 4073 889 4130 Divinitatem.
1013 4074 1079 4129 alihi
1096 4072 1301 4143 disputavimus.
1318 4071 1414 4128 Plures
1426 4081 1515 4129 autern
1531 4075 1681 4147 citavimus,
1693 4078 1737 4149 qni
1749 4078 1811 4135 illos

199 4178 235 4233 ln
251 4176 368 4232 seeundo
390 4184 478 4229 autern
494 4172 528 4227 ad
541 4170 671 4227 Nationes
689 4169 758 4225 libro
780 4167 962 4224 Tertullianus
1014 4166 1041 4222 in
1058 4165 1129 4221 hunc
1139 4180 1258 4221 errorem
1270 4180 1363 4222 revera
1375 4165 1464 4236 lapsos
1477 4165 1559 4223 tuisse
1570 4168 1756 4226 testificantur.

161 4270 268 4327 Tindeti
284 4268 415 4340 praemisit
425 4266 589 4338 hingeuern,
604 4266 647 4337 qui
661 4266 793 4320 consuitur
804 4262 866 4333 quid
875 4263 901 4315 iu
912 4276 963 4315 cre·
1050 4259 1225 4331 Prosequitur
1238 4258 1434 4315 Tertullianus:
1451 4259 1513 4324 Atii,
1528 4260 1654 4318 trinnirum
1678 4262 1810 4334 Epicurus

162 4365 194 4419 tia
216 4374 307 4435 oqntur
330 4361 458 4434 (ipsamet
477 4368 542 4413 sunt
562 4358 636 4413 illius
658 4355 774 4430 verbai:
799 4355 960 4426 Nunquam,
1013 4353 1126 4426 ejusque
1140 4360 1298 4419 sectatores,
1311 4352 1455 4419 esotomia,
1471 4352 1560 4409 atiiea
1580 4356 1812 4429 straverisquem·

164 4456 269 4527 inquit,
291 4454 319 4507 in
342 4450 433 4507 roetrrru
463 4448 719 4523 adacerrditTcrtult.
736 4450 780 4505 lib.
803 4447 826 4504 ΙΙ
846 4448 880 4503 art
894 4447 958 4504 Nat.
1013 4443 1158 4501 admodum
1187 4442 1370 4515 Pythagoras,
1386 4444 1432 4497 olii
1460 4460 1492 4499 rs
1513 4444 1670 4516 ipre,sicut
1691 4446 1812 4505 lleracll·

165 4564 224 4617 cop.
251 4544 301 4617 2).
331 4543 409 4611 hem,
435 4560 468 4597 aa
503 4542 540 4595 dii
564 4552 646 4597 essert
670 4558 679 4596 :
704 4541 815 4609 Nescio,
850 4557 962 4612 respon·
1015 4548 1067 4608 tus,
1084 4536 1810 4612 DeumconstaregarriebantlTertultiam,toc.cit.,

162 4638 218 4704 dit,
233 4638 282 4693 uisi
297 4646 325 4691 ut
344 4636 394 4690 siut
407 4633 542 4705 expedire,
560 4634 611 4688 hoc
626 4642 677 4699 est,
691 4632 806 4698 Nescio,
818 4632 867 4689 sed
879 4649 959 4692 ettae·
971 4632 1000 4695 1)
1012 4643 1075 4688 tom.
1090 4630 1109 4699 l,
1123 4631 1260 4703 Apparat,
1272 4648 1331 4703 pap.
1348 4630 1421 4697 tes,-
1435 4630 1570 4687 Disaertat.
1593 4633 1620 4687 iu
1640 4630 1735 4689 dliuut.
1759 4632 1811 4689 loe.

162 4733 196 4788 tis
206 4730 272 4785 attile
285 4737 327 4785 est
337 4736 364 4782 et
378 4725 485 4798 expedit
498 4725 565 4782 deos
577 4724 713 4781 esselion
725 4725 839 4781 multum
852 4726 959 4796 quidem
1013 4726 1058 4781 cit.
1079 4723 1215 4781 Dissertot.
1229 4725 1256 4779 in
1268 4722 1401 4793 Lustrat,
1413 4740 1471 4797 rap.
1488 4724 1532 4791 l2,
1548 4734 1598 4781 art.
1613 4724 1652 4797 Ι).
1667 4724 1699 4780 ΙΙΙ
1720 4734 1810 4783 aarum

162 4839 176 4879 a
194 4823 282 4894 priore
293 4818 498 4889 responsoillnd
511 4817 604 4885 abest,
619 4815 691 4889 quod
704 4832 720 4871 a
734 4817 854 4888 Diogene
864 4820 962 4889 cynico
1013 4834 1110 4876 omnes
1133 4818 1312 4890 opinabantur
1336 4834 1367 4874 ea
1391 4832 1453 4875 esse
1480 4819 1565 4890 prima
1586 4832 1675 4874 rernm
1690 4818 1811 4875 omnium

162 4915 263 4972 homini
281 4913 316 4970 de
341 4911 497 4970 caelestibus
525 4910 668 4967 disserenti
688 4909 778 4965 datum
789 4910 913 4967 Laertius
922 4912 962 4968 sic
1013 4912 1155 4985 principia,
1167 4928 1217 4969 nee
1232 4912 1299 4967 alios
1312 4926 1372 4968 esse
1386 4911 1463 4979 deos,
1475 4921 1505 4967 ut
1516 4909 1580 4968 alibi
1594 4926 1643 4968 nec
1655 4914 1739 4973 senrel
1753 4915 1812 4986 qui·

161 5008 270 5063 retulit:
285 5011 399 5068 umisa
411 5012 483 5079 ripn
496 5010 546 5061 ἀπὸ
567 5012 609 5061 τοῦ
626 5009 733 5076 ciprani,
750 5001 919 5070 Quaadouam
931 5004 964 5059 de
1013 5007 1075 5063 dem
1089 5006 1335 5063 animadvertimus.

163 5100 226 5154 coelo
238 5097 514 5171 :artushumeris
526 5097 558 5153 rte
571 5095 745 5170 t't‘t.1)ioq.,§
761 5097 825 5169 stat?
839 5098 874 5153 dt
888 5096 960 5165 ride,
1050 5098 1143 5171 Neque
1158 5100 1246 5155 minus
1258 5096 1399 5154 manifeste
1412 5098 1583 5169 probavimus
1597 5100 1684 5157 varias
1697 5144 1704 5170 ,
1718 5111 1746 5159 et
1759 5102 1813 5160 sihi

164 5204 276 5263 queso,
291 5201 381 5246 utrum
395 5207 410 5245 a
423 5191 541 5247 secunda
564 5192 670 5262 longius
685 5189 756 5245 absit
770 5188 829 5245 haee
841 5188 962 5260 ejrtsdem
1014 5192 1129 5250 invicem
1150 5192 1286 5264 oppositas
1309 5192 1391 5248 inisse
1417 5191 1635 5263 philosophorum
1651 5191 1686 5250 de
1709 5194 1810 5265 divina,

164 5282 290 5354 hioqerris
300 5284 443 5339 sciscitanti
453 5284 539 5357 Lysiae
550 5283 811 5355 pharmacopolrean
824 5282 890 5339 deos
902 5296 963 5340 esse
1015 5286 1086 5343 sicut
1097 5284 1336 5353 aitTortnliiamrs,
1352 5282 1519 5357 providentia
1535 5284 1700 5355 opiniones:
1716 5286 1812 5343 Picto·

164 5379 310 5441 erederet,
325 5381 463 5449 responsio
481 5400 487 5435 :
502 5388 553 5441 lle,
578 5383 604 5435 οὗ
617 5388 714 5449 arpen,
728 5384 788 5433 ὅπου
807 5384 847 5433 καὶ
858 5401 882 5431 ar
902 5380 963 5438 troi,
1014 5376 1067 5432 uici
1093 5376 1176 5441 enim,
1191 5376 1276 5447 inquit
1287 5376 1340 5443 iile,
1355 5384 1484 5431 curarrtem
1495 5391 1580 5430 retum
1592 5391 1600 5442 ;
1613 5386 1701 5431 rorttra
1717 5376 1814 5449 Epicu·

165 5484 249 5550 Ιχθριι
262 5479 430 5540 cartapetae,
446 5472 579 5540 Quoarodo
588 5492 640 5530 ator:
652 5476 739 5543 credo,
753 5478 796 5547 qui
806 5486 830 5531 te
850 5478 899 5531 diis
911 5476 963 5531 iui-
1013 5478 1051 5533 ret'
1061 5477 1169 5532 otiosum
1184 5484 1208 5529 et
1221 5474 1393 5540 irreserritum,
1410 5481 1433 5528 et
1454 5480 1481 5525 ut
1495 5470 1531 5524 ita
1542 5470 1667 5536 dixerim,
1688 5471 1814 5525 uratirreut

163 5572 259 5627 uriarum
281 5578 343 5634 puto
358 5567 452 5641 (ibid,
467 5568 482 5642 ᾗ
497 5568 533 5624 te
545 5568 571 5641 ΙΙ
590 5568 645 5627 Nos
664 5581 753 5629 tatnen
775 5570 898 5629 Laertius
913 5572 962 5628 tbi·
1016 5571 1134 5627 hutttonit
1160 5570 1236 5624 rebus
1258 5584 1312 5623 esse
1338 5566 1510 5639 predicabant
1537 5562 1716 5636 (Tertulliani.
1738 5564 1809 5635 Apo·

164 5664 227 5721 dem
243 5662 372 5719 admonet
387 5662 455 5719 trane
467 5665 626 5721 sententiam
642 5664 723 5720 tribui
744 5665 962 5738 Theodoro,qui
1013 5666 1103 5739 tepet,
1130 5682 1187 5733 cap.
1214 5664 1259 5729 tt,
1286 5672 1310 5718 ct
1338 5662 1381 5718 ΙΙΙ.
1412 5661 1433 5718 ΙΙ
1461 5662 1494 5717 ad
1526 5659 1645 5729 darton,
1662 5676 1721 5731 cap.
1750 5659 1804 5732 Ξ).

164 5755 237 5813 haud
251 5753 333 5810 dubie
347 5755 459 5821 atheus,
474 5765 504 5810 ut
526 5754 635 5811 anobls
648 5756 718 5812 haud
731 5758 815 5814 semel
833 5757 962 5815 observa·
1013 5760 1053 5816 lte
1077 5758 1190 5815 Platone
1215 5759 1237 5813 si
1266 5758 1342 5828 ptura
1365 5756 1443 5821 relis,
1478 5756 1520 5813 adi
1550 5754 1698 5819 laertium,
1714 5761 1742 5810 et
1764 5752 1812 5808 di·

165 5861 239 5919 inm,
254 5845 459 5922 cognominatus
476 5856 528 5905 est.
544 5847 573 5905 st
584 5862 617 5904 ea
632 5857 720 5906 tamen
735 5864 796 5920 qnae
814 5848 961 5908 Tertullia·
1013 5862 1119 5912 cernent
1132 5840 1224 5911 a'udies
1243 5859 1339 5906 :iteras
1361 5851 1401 5905 arri
1420 5856 1482 5911 erro,
1504 5856 1586 5921 pappa
1606 5850 1813 5925 ¹elchntpatnna.
