4084 6334
132 233 186 341 aa

692 277 920 342 hlsslllilhllo
938 278 971 337 D.
992 279 1036 339 LE
1055 278 1212 341 nouauit.

1727 285 1781 347 93⁰

131 400 287 465 codicibus,
303 398 512 458 deleritnomen
526 397 677 470 scripturis,
689 406 769 471 atque
782 398 846 455 illud
858 396 928 469 diqe-
941 398 969 457 ll
980 394 1016 453 do
1028 396 1154 453 etiamad
1169 396 1296 454 Nationes
1311 396 1395 465 lihrn,
1410 396 1455 454 ubi
1470 396 1558 457 adlrue
1576 397 1671 471 probat
1690 398 1781 473 philo-

130 496 177 553 rtir
188 495 385 551 substantivum
399 508 469 564 esse,
484 509 571 566 coque
580 494 651 550 idem
665 508 697 549 ac
708 493 779 548 libris
792 491 929 563 signiirca-

132 586 155 642 ri
169 586 321 659 suspicatus
335 596 387 643 cst.
407 584 459 642 Sed
474 600 625 658 perperam.
645 583 752 641 Etenim
765 583 928 654 adjectivum

132 691 184 745 cst,
201 679 272 752 quod
284 670 356 737 iticm
372 688 451 736 sonat
473 695 505 736 ac
535 678 663 752 dispositis
687 687 714 735 et
731 677 865 742 ordinalia,
887 676 930 734 rel

132 774 267 845 explicatis
287 783 315 831 ιι
342 773 536 845 interpretatis.
561 772 654 829 Primo
667 770 856 844 quippcsensu
869 768 929 826 Vir-

131 865 211 938 gilius
220 865 287 923 dixit
296 864 332 923 de
345 864 447 937 Sibylla
459 882 467 923 :

194 980 362 1097 sspaeerrmque
370 981 398 1032 in
407 979 472 1032 loliis
482 974 613 1046 descripsit
622 982 730 1033 ermina
737 979 823 1044 Virgo,

219 1052 295 1107 agent
304 1058 329 1094 tn
339 1057 479 1095 numerum.

455 1102 584 1175 (Vispill.
599 1105 644 1170 lll,
655 1104 751 1157 ιιιίιι.
760 1119 785 1157 r.
798 1103 865 1169 1111.)

133 1211 161 1270 id
173 1218 226 1280 est,
236 1209 449 1284 inquitSerrius,
459 1211 576 1282 ordinat,
587 1222 614 1269 ct
622 1211 741 1284 disponit
752 1210 840 1282 (Sero.
852 1210 929 1281 ibid,

135 1302 445 1378 parabaptismata
459 1305 511 1362 hoc
520 1313 550 1362 et
562 1306 680 1361 meando
691 1303 842 1377 signihcatu
856 1322 863 1359 :

198 1453 207 1470 .
239 1456 247 1470 .
280 1452 289 1471 .
321 1416 358 1469 ila
370 1419 464 1481 digerit
478 1420 560 1469 omnia
571 1416 680 1472 Calchas.

461 1499 546 1570 (Virp.
558 1500 578 1554 i.
591 1501 625 1566 ΙΙ,
638 1498 745 1567 eoric,
757 1517 783 1557 r.
799 1501 869 1568 182.)

138 1608 206 1675 sire,
219 1607 258 1665 uti
268 1608 357 1667 adbuc
368 1609 479 1667 Servius
492 1590 685 1682 interpretatur
699 1610 787 1681 (Seru.
805 1608 880 1677 illd,
901 1624 931 1680 p.

132 1697 210 1773 233),
226 1702 580 1782 numiniscommotionem,
596 1701 638 1757 rel
653 1699 745 1769 loturi,
759 1700 855 1769 idest,
870 1715 932 1757 ora-

979 488 1100 559 scphican
1113 490 1253 558 sapientiae
1265 490 1410 548 uastitatem
1424 492 1688 565 imbecillitatemque
1700 510 1780 566 aper·

981 581 1085 638 tissime
1109 581 1293 639 demonstrari
1317 598 1351 639 cx
1373 582 1531 655 opinionum
1555 584 1694 655 uarietate,
1717 601 1779 658 quae

981 688 1034 729 non
1046 672 1165 745 alipnde,
1179 690 1260 747 quam
1273 674 1308 731 de
1321 675 1442 731 veritatis
1465 676 1614 749 ignorantia
1641 680 1778 735 manarit:

981 763 1087 822 Etenim
1097 765 1153 821 licet
1164 784 1208 835 per
1220 768 1401 837 ramositatem,
1416 769 1512 841 inquil,
1521 770 1674 827 omnimode
1685 771 1782 828 littera-

981 866 1046 913 taroe
1059 858 1225 931 inspiciendae
1237 859 1331 916 diuinis
1342 876 1440 934 qaoque
1449 860 1601 933 Scriptum,
1614 875 1642 919 ut
1653 865 1781 937 antiquio·

981 951 1063 1020 ribus,
1077 952 1173 1023 possint
1183 951 1266 1008 rideri
1278 954 1431 1021 incursasse,
1444 964 1466 1011 ιι
1479 955 1539 1011 iude
1552 957 1677 1013 rtortaullc
1691 958 1781 1031 damp-

981 1048 1043 1105 rirsc
1067 1047 1198 1119 (Termi,
1224 1047 1268 1105 tlt.
1302 1049 1375 1105 llud
1395 1050 1472 1119 Noa,
1504 1068 1562 1123 cop.
1592 1052 1651 1123 h);
1679 1054 1782 1126 simpli·

984 1141 1093 1197 citatem
1109 1150 1197 1199 mmen
1210 1140 1268 1215 ejus
1289 1142 1483 1215 despicientes,
1508 1154 1537 1201 et
1557 1145 1650 1217 gloriae
1671 1146 1782 1206 libidine
1885 1140 1889 1146 ’

981 1232 1093 1304 insuper
1112 1232 1196 1300 ducti,
1225 1235 1361 1292 inuentam
1382 1236 1409 1291 in
1423 1236 1507 1293 sacris
1523 1237 1623 1295 nostris
1636 1238 1782 1312 scripturis

981 1324 1124 1384 veritatem
1138 1326 1325 1394 immutarunt,
1337 1336 1363 1383 ct
1376 1327 1608 1387 adrrlterarerunt.

1017 1420 1106 1493 Atque
1129 1420 1188 1477 iude
1207 1421 1423 1494 eloquiturdanr
1447 1438 1559 1495 qaoque,
1587 1423 1658 1481 sicut
1685 1424 1731 1482 ille
1753 1424 1782 1482 in

982 1514 1168 1587 apologetico,
1195 1514 1252 1584 ait,
1273 1516 1353 1587 eiecta
1371 1515 1546 1589 philosophia,
1570 1534 1587 1571 ι
1609 1517 1783 1587 Tirebauir,a

983 1607 1133 1681 Spartiatis,
1146 1617 1170 1664 et
1194 1608 1304 1681 Arpinis,
1322 1608 1382 1665 duna
1396 1610 1436 1688 ,uri
1463 1619 1552 1665 nostro
1575 1612 1782 1668 contanriacrttcr

983 1700 1146 1773 (Tertulliani.
1157 1700 1302 1773 Apoloqct.‚
1318 1718 1375 1773 cap.
1390 1702 1438 1769 ll,
1452 1720 1512 1776 pap.
1527 1703 1605 1775 515).
1617 1703 1780 1776 {tequidem

132 1795 254 1851 culorum
267 1794 388 1851 ordinem
399 1794 500 1867 pandit,
515 1810 564 1851 seu
576 1793 693 1861 ordinat,
709 1792 874 1866 etdisponit.
946 1794 1012 1863 Bia
1037 1794 1143 1867 Ripaltii
1165 1793 1413 1868 posterioribusque
1432 1796 1608 1855 editionibus.
1635 1800 1670 1855 hl
1691 1799 1717 1855 in
1733 1814 1781 1855 no-

169 1884 614 1959 beindeRigaltiosbcecrerha,ec
623 1902 669 1958 pro
679 1886 804 1953 instituto,
814 1884 854 1942 sic
866 1900 930 1944 ccr-
982 1888 1046 1944 stris
1056 1887 1192 1945 codicibus
1207 1888 1417 1961 manuscriptis,
1433 1898 1461 1947 et
1473 1890 1667 1949 vetustiorihus
1677 1891 1756 1951 editis
1770 1908 1778 1949 a

131 1976 183 2051 rigi
196 1979 330 2050 scribique
344 1979 439 2045 voluit,
452 1979 678 2052 eoirtderepccturrr
697 1995 743 2051 pro
759 1978 884 2046 instituto,
899 1993 932 2036 ac
983 1979 1060 2049 lade,
1072 1982 1174 2053 opinor,
1198 1994 1250 2038 ιιι
1267 1982 1416 2053 quibusdam
1420 2020 1490 2040 ......
1502 1983 1645 2057 Sporliacir
1649 2025 1706 2042 .....
1720 1985 1782 2042 duna

131 2070 242 2127 tandem
255 2070 348 2127 addito
363 2071 416 2127 irnc
428 2071 511 2127 aerbo
525 2082 660 2144 repertum,
673 2063 770 2134 nomen
784 2087 861 2143 opero
870 2072 931 2128 nul·
982 2075 1017 2130 od
1039 2084 1126 2131 aestro
1153 2073 1242 2147 (maie
1262 2074 1290 2131 in
1304 2074 1440 2132 nonnullis
1452 2075 1626 2145 editionibus,
1641 2094 1658 2131 ι
1681 2080 1782 2150 restra)

131 2165 158 2222 lo
169 2166 262 2223 codiee
282 2168 375 2235 citato,
391 2166 500 2237 penitus
512 2166 654 2223 resecarit.
679 2165 826 2222 Nobiscum
841 2175 930 2223 tamen
982 2166 1340 2235 conantur,suhaudiendunr
1362 2168 1487 2225 imitanda
1515 2187 1690 2243 corronrpere
1713 2172 1783 2229 sicut

132 2258 233 2315 iaciunt
247 2274 342 2317 omnes
366 2260 460 2316 inediti
475 2259 593 2328 codices,
623 2270 651 2317 et
661 2269 725 2317 ante
742 2260 866 2317 eumdem
880 2262 930 2317 lli·
983 2259 1050 2316 dixit
1059 2277 1135 2333 porra
1147 2271 1272 2317 corruatur
1285 2260 1365 2337 (ibid.
1381 2279 1440 2333 cap.
1451 2262 1497 2329 10,
1514 2282 1574 2337 pop.
1588 2264 1668 2337 178),
1683 2266 1780 2338 supple

132 2338 323 2424 palrtun'edht
337 2370 345 2422 ;
357 2354 410 2411 nisi
424 2353 497 2425 quod
509 2354 537 2409 in
551 2352 594 2409 bis
609 2354 804 2425 antiquioribus
816 2354 931 2425 legimus
982 2363 1084 2407 oraturo
1096 2348 1160 2423 peri.
1173 2352 1227 2410 Cur
1242 2363 1344 2420 autem,
1358 2371 1373 2411 a
1388 2370 1453 2429 quo,
1468 2371 1500 2412 ac
1514 2356 1591 2429 carius
1614 2373 1707 2429 opera,
1735 2368 1782 2415 aut

132 2464 165 2503 es
179 2448 359 2521 inrproctiruto.
375 2448 428 2505 Sed
440 2449 495 2505 ,hoc
514 2459 671 2520 corruptum
685 2447 800 2505 ridetur.
814 2448 843 2504 ln
867 2448 931 2505 sub·
982 2441 1144 2515 negligentia
1157 2446 1286 2501 omissum
1300 2444 1380 2515 suerii
1404 2447 1516 2503 verbum
1536 2452 1637 2519 100101,
1661 2466 1693 2505 ³0
1716 2450 1780 2522 (lubi

131 2541 307 2613 sequentibus
320 2550 409 2598 autem
425 2541 590 2599 editionibus
608 2541 713 2597 sublata
736 2541 784 2597 luit
802 2542 931 2613 praeposi·
983 2534 1020 2592 ibi
1034 2544 1139 2605 noceat,
1153 2536 1231 2593 nobis
1241 2539 1310 2594 sient
1320 2538 1409 2595 nullos
1420 2538 1514 2605 edixit,
1524 2540 1559 2595 ita
1571 2540 1781 2600 'lertrrllianeum

132 2632 171 2689 tio
184 2649 226 2707 cc,
247 2648 280 2691 ac
301 2634 431 2705 scriptum
447 2633 605 2705 simpliciter
629 2649 676 2705 pro
690 2632 814 2688 instituto.
837 2632 931 2689 ilelius
982 2630 1202 2689 esselaeilealiis
1215 2632 1400 2705 persuadebis.
1421 2633 1460 2689 Eo
1483 2632 1584 2707 quippe
1608 2651 1691 2692 sensu
1718 2636 1782 2693 alihi

131 2726 251 2797 quidem,
266 2726 313 2783 sed
325 2726 439 2784 delinire
454 2741 508 2783 non
520 2724 651 2782 audemus
666 2741 726 2796 qnae
741 2740 804 2782 reru
814 2726 852 2781 sit
862 2724 929 2781 Ter·
982 2723 1066 2779 utitur
1076 2722 1228 2793 hocrerbo,
1240 2725 1283 2781 uhi
1293 2726 1327 2782 de
1342 2741 1371 2783 re
1382 2724 1432 2783 sibi
1447 2726 1559 2784 minime
1569 2728 1653 2785 dubia
1661 2729 1781 2787 disserit.

132 2817 237 2874 tulliani
257 2819 346 2887 lectio,
362 2818 631 2897 dooccincorruptns
640 2819 737 2891 aliquis
751 2818 838 2877 codex
850 2835 928 2891 rape-
1018 2814 1061 2873 Ad
1075 2814 1189 2886 eiectam
1196 2831 1260 2873 uero
1267 2816 1302 2873 ab
1319 2818 1435 2874 ethnicis
1445 2817 1641 2892 philosophiam
1652 2820 1725 2893 quud
1745 2831 1783 2877 at·

131 2909 229 2968 riatur.
329 2934 335 2954 ·

168 3004 271 3063 Sensus
284 3014 373 3064 mmen
385 3007 443 3080 ejus
453 3008 499 3065 bic
511 3009 604 3081 procul
617 3009 700 3067 drrhio
722 3023 784 3067 esse
797 3009 905 3067 ridetur
920 3027 929 3069 a

132 3098 157 3156 si
172 3100 323 3173 philosophi
338 3104 466 3161 essarris
478 3102 642 3176 Scripturis,
657 3115 731 3163 recte
754 3105 887 3163 ordinatis
903 3115 933 3163 ιι

984 2907 1061 2975 tinet,
1081 2909 1227 2965 Athenaeus
1236 2916 1329 2966 narrat
1342 2909 1460 2982 (sitirem,
1474 2910 1494 2966 1.
1506 2908 1553 2980 xl,
1569 2927 1593 2966 c.
1615 2912 1658 2981 la,
1676 2931 1704 2984 p.
1718 2912 1780 2982 518,

983 3009 1008 3056 ιι
1025 3000 1069 3058 lib.
1082 3000 1153 3071 lllll,
1167 3018 1226 3074 cop.
1240 3001 1268 3067 tl,
1283 3020 1309 3075 p.
1325 3000 1387 3076 100)
1398 3002 1542 3073 sophistas,
1555 3018 1587 3059 ac
1601 3002 1669 3060 duos
1681 3004 1783 3077 Epicu·

983 3110 1047 3153 reos
1055 3096 1230 3169 philosophos
1241 3097 1360 3154 Alcaeum
1372 3105 1401 3153 at
1415 3096 1560 3153 Philiscum
1574 3096 1696 3154 urbesua
1706 3098 1784 3156 ailo-

132 3193 285 3266 caplicatis,
294 3194 395 3266 aliquid
404 3197 459 3251 reri
470 3195 619 3266 hauserint,
631 3196 695 3254 illuri
704 3198 930 3269 procuriositatis,
944 3203 968 3269 c
984 3190 1081 3256 manis.
1096 3204 1191 3246 0010θὸ
1201 3189 1320 3261 eiusdem
1329 3197 1410 3248 800101
1422 3190 1521 3263 0111000
1530 3204 1605 3247 ⁸¹¹⁰i¹
1618 3189 1776 3261 0108800110»

132 3298 182 3341 scu
196 3284 286 3341 nimiae
299 3300 346 3342 eas
364 3286 434 3341 male
448 3287 598 3357 explicandi
626 3304 700 3345 cure
723 3290 854 3357 instituto,
869 3304 932 3347 rer·

133 3385 225 3433 terunt
237 3375 271 3432 ati
284 3378 389 3448 propria
403 3393 497 3447 opera,
509 3378 561 3433 linc
574 3388 626 3448 cst,
642 3379 677 3436 ad
690 3380 770 3438 ialsas
786 3381 860 3454 uulgi
872 3382 931 3454 opi·

132 3470 230 3527 ninnes
252 3470 448 3542 popularesque
462 3486 581 3529 errores.
596 3472 663 3528 Cum
677 3473 749 3529 enim
765 3473 870 3532 diuinas
887 3490 933 3531 es·

132 3577 165 3619 se
175 3577 229 3617 non
248 3561 401 3629 crederent,
424 3562 514 3618 naam
526 3564 575 3620 sibi
589 3572 754 3635 puerverunt
768 3566 827 3623 illas
842 3564 932 3623 inter-

984 3295 1166 3353 quoscumque
1189 3282 1269 3338 ctiam
1289 3297 1373 3354 repno
1385 3295 1435 3338 suo
1447 3280 1635 3353 abhaticcbn,
1651 3298 1683 3339 ac
1704 3281 1779 3357 Lysi·

985 3374 1091 3441 macho,
1101 3381 1130 3430 ιι
1142 3390 1176 3431 ex
1188 3376 1274 3431 Attica
1285 3373 1539 3446 puhlicosophoclis
1550 3374 1638 3431 edicte
1649 3376 1683 3431 ab
1692 3374 1714 3431 tt
1722 3375 1783 3432 the-

985 3466 1123 3524 nlensihus
1146 3469 1282 3539 expulsos,
1303 3483 1334 3523 ac
1354 3466 1462 3525 taudem
1480 3468 1686 3542 philosophiam,
1701 3479 1783 3543 atque
1803 3507 1805 3515 ι

985 3556 1158 3629 rhetoricam,
1178 3575 1194 3615 a
1216 3558 1429 3618 Lacedaemoniis
1441 3560 1586 3619 admissam
1604 3578 1656 3619 non
1680 3562 1774 3621 luisse.

131 3654 255 3727 palatini,
269 3664 298 3712 et
310 3668 358 3725 pro
370 3654 446 3711 lihito
455 3655 649 3731 interpretandi
662 3656 829 3714 [aculeatam.
841 3657 934 3731 Neque
985 3651 1112 3722 Eiusdem
1126 3652 1403 3711 rerohthenienslnnr
1422 3654 1522 3712 decreti
1544 3656 1667 3713 meminit
1689 3655 1778 3715 totins

132 3751 215 3807 etiam
236 3747 414 3821 intelligentes
426 3763 519 3805 earum
532 3749 697 3806 documenta
714 3750 889 3819 obscuritate,
905 3760 933 3807 ιι
986 3742 1090 3815 Pollux,
1113 3743 1186 3817 quod
1207 3748 1275 3815 aino
1289 3751 1384 3809 ἀττικόι
1410 3747 1444 3803 ab
1464 3762 1498 3804 eo
1522 3757 1633 3804 vocetur
1656 3746 1777 3821 (Pallas,

134 3840 252 3898 ludricis
265 3841 367 3900 umbris
380 3841 496 3911 obrolri,
520 3844 657 3915 aspernati
680 3853 743 3900 suat
754 3843 934 3917 illiussimpli·
986 3840 1030 3895 iii.
1047 3838 1093 3907 xl,
1104 3856 1163 3913 pap.
1177 3840 1254 3910 187).
1269 3840 1328 3897 lion
1343 3841 1407 3897 dicit
1417 3849 1507 3899 tamen
1522 3840 1616 3899 illudo
1639 3840 1776 3913 Sophocle
1824 3898 1830 3913 ,

133 3934 242 3992 citatem
259 3934 421 4009 (Tertulliani.
433 3936 494 3994 ibid.
509 3953 571 4009 pop.
584 3935 660 4011 515).
674 3937 846 4011 Quapropter
856 3941 928 4011 qnod
985 3931 1095 4002 datunr,
1113 3934 1161 3990 sed
1184 3932 1281 3989 iactam
1302 3934 1431 3991 duntaxat
1448 3935 1508 4003 eius
1535 3937 1710 3994 mentionem.
1726 3936 1780 3995 Vc·

134 4028 162 4085 in
178 4029 220 4085 his
234 4038 336 4085 certum
360 4039 530 4101 repererunt,
555 4027 709 4087 eileeerunt
735 4032 877 4099 incertum,
900 4048 933 4090 ac
986 4043 1046 4083 rum
1061 4027 1190 4085 htlrcnaco
1205 4037 1297 4100 aperte
1310 4028 1471 4101 suffragatur
1481 4028 1614 4098 Laertius,
1630 4033 1675 4103 qui
1689 4032 1784 4089 simili·

134 4137 198 4179 scra
213 4124 380 4196 rejicientes,
404 4137 451 4181 ant
476 4127 550 4182 reris
575 4124 642 4182 ialsa
656 4128 813 4192 miscentes,
842 4130 932 4187 inter.
986 4130 1029 4179 ter
1043 4122 1300 4179 asseruilcunditam
1314 4136 1410 4179 reuera
1430 4123 1465 4179 ab
1488 4124 1582 4180 codem
1600 4123 1733 4196 Sophocle
1748 4126 1786 4182 le-

134 4226 282 4271 rertcrunt.
298 4216 352 4272 Sed
374 4218 409 4273 dc
432 4217 474 4273 his
488 4199 562 4287 plura
578 4217 703 4275 Clemens
723 4219 931 4291 alexandrinus,
986 4233 1046 4290 pem
1061 4218 1231 4291 quaretilum
1244 4218 1302 4287 ierit,
1315 4235 1348 4275 ne
1359 4220 1420 4290 quis
1431 4219 1532 4277 scholas
1546 4220 1782 4293 pbilosophorum,

135 4316 165 4361 m
183 4324 232 4364 sno
247 4308 308 4365 loco
322 4310 513 4367 carnotavimus
540 4311 615 4381 (tom.
632 4311 645 4367 1
661 4312 787 4385 Apparet.
801 4331 862 4388 paq.
879 4313 930 4372 stt
987 4316 1039 4373 nisi
1054 4324 1148 4371 senatu
1163 4324 1190 4372 et
1202 4314 1277 4385 plebe
1289 4312 1457 4386 approbante
1471 4324 1608 4384 praesset,
1622 4316 1786 4386 secuscapi·

135 4408 159 4452 et
174 4398 224 4454 113
236 4408 259 4453 ιι
270 4402 364 4471 seqq).
987 4417 1015 4465 te
1026 4409 1188 4480 plecteretur
1198 4405 1309 4481 (thare,
1317 4404 1397 4473 hal,
1411 4406 1438 4461 ia
1456 4404 1505 4461 i'il.
1516 4402 1688 4477 Ttrarphrar„
1699 4405 1781 4479 558).

172 4490 260 4546 Variis
279 4508 361 4562 porro
388 4495 414 4551 hl
437 4496 623 4560 Tertullianus
636 4501 732 4572 probat
755 4500 932 4572 (Tertullioo.
987 4501 1040 4559 Sed
1053 4504 1086 4559 ad
1103 4503 1400 4573 propositnmnostrum
1423 4510 1470 4556 aut
1487 4499 1554 4555 nibil
1572 4511 1619 4556 aut
1631 4515 1725 4572 parurn
1747 4499 1788 4557 ia·
1834 4513 1838 4520 ’

135 4584 283 4657 apocopa,
297 4601 354 4656 cop.
368 4587 412 4654 tl,
422 4604 482 4660 paq.
494 4590 559 4663 515)
566 4590 933 4666 philosophorumopinioni·
946 4607 974 4668 1)
988 4601 1026 4655 cit
1037 4613 1114 4669 aquo
1126 4607 1154 4655 et
1165 4596 1299 4668 quomodo
1324 4611 1357 4653 ea
1372 4596 1415 4652 lex
1437 4595 1547 4653 condita
1572 4594 1653 4653 luerit
1664 4612 1672 4653 a
1683 4594 1786 4652 suillcil

135 4677 186 4733 bus
200 4685 228 4732 et
241 4676 379 4733 erroribus
395 4677 430 4735 de
443 4680 491 4735 bei
515 4691 626 4752 natrrra,
640 4683 769 4755 qualitate
788 4696 816 4741 et
843 4688 935 4765 ppoai-
987 4704 1053 4746 sarae
1068 4698 1097 4745 ot
1108 4689 1167 4761 ejus
1177 4689 1254 4759 jussu
1270 4688 1368 4759 rejecta
1383 4690 1418 4746 sit
1440 4690 1619 4761 philosophia.

135 4769 242 4839 dentiam
257 4770 292 4827 de
304 4772 395 4829 mundi
417 4774 606 4840 creationem
625 4762 818 4847 diuturnitate3
834 4779 868 4837 de
882 4779 936 4835 hu·
1024 4781 1105 4839 Nobis
1115 4791 1204 4839 autom
1218 4785 1253 4837 h.
1278 4780 1381 4839 Gellius
1394 4784 1505 4841 exhibea
1516 4784 1591 4851 illud,
1607 4792 1687 4855 atque
1699 4782 1781 4841 etiam

135 4880 223 4920 rnarrm
242 4866 340 4922 animae
354 4875 461 4935 rratrrra,
476 4882 558 4938 quam
581 4869 628 4924 alii
657 4870 857 4941 incorpoream,
869 4873 938 4930 diri·
988 4875 1062 4933 alind
1082 4875 1355 4943 senatusconsultum,
1370 4876 1499 4949 additque
1522 4879 1633 4933 tertium
1660 4876 1785 4933 abomi-

136 4972 208 5021 nans,
224 4966 252 5015 et
263 4966 403 5029 aetermm,
414 4959 459 5016 alii
475 4958 659 5017 dissolubilem
675 4971 703 5019 et
713 4976 873 5035 corpoream
892 4981 937 5021 cs·
989 4968 1063 5024 liano
1076 4969 1223 5039 imperante
1233 4968 1415 5034 corastiturnm
1432 4984 1486 5040 quo
1498 4966 1653 5040 philosophi
1671 4982 1725 5023 non
1738 4980 1784 5022 su-

135 5064 166 5106 se
180 5050 386 5120 arbitrabantur,
402 5060 484 5125 atque
495 5054 529 5111 dc
540 5054 612 5110 illius
630 5064 691 5123 post
703 5057 829 5127 corporis
842 5058 936 5115 interi·
987 5060 1043 5117 lum
1057 5060 1153 5129 horna,
1174 5060 1221 5117 scu
1235 5060 1310 5117 ltalia
1333 5076 1441 5132 quoque
1456 5059 1591 5117 interdicti
1605 5067 1678 5128 sunt,
1702 5069 1783 5131 atque

137 5150 194 5197 tum
209 5151 289 5211 statu,
301 5145 398 5215 poerris,
420 5155 448 5203 ιι
471 5146 599 5218 pecuniis.
614 5145 721 5204 Omnes
742 5157 833 5205 autem
846 5151 936 5207 uarias
987 5153 1089 5211 idcirco
1113 5154 1263 5225 Epictetum
1277 5153 1339 5212 inde
1352 5153 1536 5213 Nicomediam
1551 5154 1698 5212 secessisse
1712 5152 1781 5229 (dar.

137 5232 218 5292 hasce
240 5235 348 5292 illorum
369 5237 511 5308 opiniones
524 5239 587 5295 alihi
609 5240 809 5297 enucleavimus
828 5257 861 5299 ac
877 5243 935 5299 dis-
987 5247 1032 5303 lib.
1043 5246 1102 5303 liv.
1113 5245 1193 5303 Noct.
1207 5246 1261 5303 titt.
1273 5264 1331 5318 cop.
1344 5248 1399 5319 11).
1412 5247 1687 5320 llcntionemquoque
1705 5247 1784 5319 buius

137 5328 270 5385 00350003
285 5330 295 5399 1
310 5328 390 5403 Siti·
405 5348 463 5404 cati·
488 5332 526 5401 5.
550 5342 602 5391 flii·
615 5332 643 5403 ⁴.
658 5342 682 5388 et
694 5350 752 5405 ΜΡ·
763 5334 779 5389 'i
790 5376 799 5401 a
812 5343 863 5391 ort.
885 5337 897 5392 1
912 5344 935 5391 et
986 5341 1067 5399 edicti
1080 5341 1224 5399 Suetonius
1234 5340 1432 5413 iacit(8actoa.,
1444 5340 1488 5397 lib.
1502 5339 1592 5397 Villio
1608 5338 1785 5409 bladientia,

137 5435 218 5492 crqq.,·
233 5422 367 5481 Dissertat.
392 5425 561 5496 inLoclont.,
583 5444 641 5500 cup.
652 5429 696 5495 11,
710 5438 760 5483 ιιι.
777 5429 790 5485 1
815 5440 839 5484 ιι
851 5446 934 5503 reqq.,·
989 5432 1004 5506 5
1018 5434 1074 5507 10).
1091 5434 1144 5492 Sed
1156 5435 1333 5491 Philostratus
1345 5433 1448 5491 addidit
1461 5443 1564 5491 ιιιιιιιιιι
1579 5444 1712 5492 terrorem
1724 5434 1786 5493 inde

137 5530 196 5587 cop.
208 5516 253 5583 ll,
267 5527 317 5573 nrt.
331 5518 345 5575 l
359 5527 381 5572 et
394 5518 413 5572 ι
425 5528 451 5581 ,ιι
463 5536 545 5592 seqq.,·
558 5530 582 5575 et
595 5537 653 5592 cop.
664 5520 711 5592 25,
736 5532 789 5577 ort.
804 5520 818 5578 l
833 5532 857 5578 et
868 5538 934 5595 req.,·
987 5528 1124 5585 incussum
1137 5527 1320 5600 philosophis,
1342 5535 1371 5584 ut
1390 5538 1492 5586 mutmo
1505 5527 1609 5597 babitu,
1621 5529 1667 5587 alii
1680 5528 1706 5585 in
1722 5528 1786 5587 llis·

138 5616 162 5663 et
175 5624 234 5679 cup.
246 5608 292 5681 28,
304 5620 355 5669 art.
370 5612 422 5668 let
436 5610 475 5685 6).
985 5621 1103 5693 paulam,
1113 5622 1157 5678 alii
1170 5622 1197 5679 in
1211 5622 1303 5695 Libyae
1316 5630 1345 5679 et
1354 5624 1472 5697 Scythiae
1485 5624 1591 5682 deserta
1600 5625 1783 5697 confugerint,

172 5700 264 5775 lisque
276 5703 304 5760 in
319 5703 372 5765 hee
385 5715 487 5763 tantum
500 5706 667 5779 apologetico
680 5710 785 5769 hucmr
796 5718 888 5769 noster
898 5709 935 5768 ita
985 5713 1030 5769 alii
1043 5714 1193 5771 Domitiano
1214 5729 1275 5772 sese
1288 5714 1458 5787 adjunxerint
1470 5716 1602 5774 scelerum
1611 5718 1802 5805 consiliarios·

138 5794 267 5857 micans
275 5798 450 5874 philosophos
462 5800 575 5875 petrellae
583 5800 711 5874 disputat,
728 5804 776 5864 sed
788 5805 817 5863 in
827 5820 933 5864 sccun-
985 5802 1167 5880 (Ριιιιιιιιι.ι
1181 5806 1225 5863 lid.
1235 5804 1292 5879 Vll,
1305 5806 1336 5865 dc
1350 5806 1400 5865 Vit.
1411 5807 1511 5885 Apoll,
1530 5826 1560 5885 p.
1571 5808 1647 5885 817).
1659 5809 1780 5886 benique
