4084 6334
169 347 225 412 8l9

742 358 967 421 utsstttttsTlo
985 362 1019 421 lt.
1039 363 1084 421 tt:
1102 362 1256 425 nunant.

1768 372 1823 432 850

206 470 241 524 tlt
265 467 463 527 obseruandum
473 480 515 529 cst
535 472 730 532 'l'ertulliannm
745 476 788 535 his
807 478 896 535 serbis
909 494 970 535 res·
983 481 1010 542 A
1024 481 1085 538 inde
1099 484 1178 539 ctiam
1194 484 1282 557 colligi
1301 486 1388 557 possit¹
1406 500 1421 543 a
1434 483 1601 544 Tertulliano
1616 488 1725 561 agnosci
1736 499 1820 547 aeter·

169 562 298 636 pondisse
308 564 416 622 Praxeae
427 567 564 636 heretico,
572 566 719 626 Catholicis
726 571 862 640 objicienti
873 573 967 641 ileum,
1020 589 1085 630 nom
1099 575 1176 644 lucis,
1191 576 1249 635 site
1263 577 1308 634 itlii
1323 580 1370 635 liei
1382 580 1552 651 splendorem
1568 592 1751 653 eternamquc
1769 597 1818 654 ge·

170 657 213 715 cui
229 657 296 713 nihil
308 659 474 730 impossibile
481 670 533 727 est,
548 662 667 733 potuisse
682 679 713 721 se
724 664 850 736 ipsomet
861 666 968 722 Patrem

1020 668 1187 731 uenationem
1205 670 1239 726 ab
1266 672 1325 742 ipso
1346 680 1401 727 tam
1420 680 1593 744 constanter,
1619 674 1658 730 uti
1682 672 1817 742 vidimus,

168 759 204 809 'et
219 750 318 807 Filium
332 752 414 809 simui
427 752 525 811 iacere.
541 755 678 813 Lubenter
702 767 793 816 autern
814 759 859 815 ille
871 758 970 818 latettn
1021 774 1152 821 assertam
1166 780 1198 822 ac
1208 777 1411 838 propugnatum.

170 847 261 903 ontnia
283 845 391 918 quidem
419 863 434 903 a
458 848 514 905 ileo
528 866 607 919 posse
629 850 688 907 lieri
702 868 710 916 ς
726 851 773 908 sed
788 846 968 923 non'utnnia,

170 953 231 1010 quse
244 939 340 1011 potnit,
355 940 389 994 nl)
402 939 449 997 illo
459 956 521 999 esse
534 940 614 999 iacta.
626 944 834 1017 lleltebatigitur
849 946 968 1003 Praxeas

170 1030 309 1089 etidet'tter
325 1032 514 1091 demonstrare
537 1036 644 1092 l‘atrent
671 1052 764 1095 reuera
779 1054 810 1095 se
824 1038 912 1107 ipsunt
928 1038 969 1095 le·

170 1124 241 1180 cisse
252 1133 306 1180 tarn
320 1109 426 1207 Patrem
443 1144 523 1197 qunm
536 1128 649 1196 Filium,
675 1133 733 1187 sire
749 1126 802 1187 non
815 1131 896 1186 aliuttt
909 1147 970 1190 esse

170 1217 268 1273 Filium
281 1260 289 1286 ,
303 1236 382 1291 quam
397 1222 484 1293 ipsum
498 1216 617 1280 Patrem.
632 1225 731 1283 Contra
746 1243 810 1283 tero
820 1228 966 1284 Tertullia-

166 1323 221 1368 nus
232 1328 265 1369 eo
278 1316 400 1371 securius
418 1316 537 1375 aldrmat
550 1319 576 1375 id
590 1335 604 1374 a
625 1321 726 1377 Protea
744 1336 798 1378 non
811 1336 892 1395 posse
914 1338 966 1378 uu·
980 1372 985 1379 .

169 1421 249 1476 quum
265 1407 381 1475 probari,
399 1424 453 1481 quo
467 1408 574 1468 facilius
588 1414 662 1469 traria
676 1416 799 1487 congerit
821 1415 969 1488 Scripturas

171 1500 336 1567 testimonia,
346 1502 453 1573 quilius,
468 1504 563 1576 inquit,
578 1506 648 1577 apud
663 1522 712 1564 nos
726 1509 845 1565 distinete
857 1508 969 1571 Poterat

170 1592 257 1649 Filius
278 1594 503 1665 mntuttstrontnr,
532 1600 658 1671 distincte,
685 1604 799 1675 inquunt,
817 1622 867 1660 non
886 1606 965 1661 diuise

170 1685 251 1761 (idid.
276 1704 334 1757 cup.
351 1690 422 1762 tt);
446 1693 661 1765 quandoquidem
687 1696 772 1753 Filius
803 1697 871 1765 uei,
899 1700 968 1755 sicut

1336 896 1481 939 aartcutus
1500 898 1538 939 1¹.

1021 994 1137 1083 Solvitur
1153 996 1225 1052 eliud
1247 1006 1442 1071 argumentator,
1456 998 1517 1053 inde
1528 998 1652 1070 petitam,
1677 997 1822 1085 qttodi'er·

1057 1089 1180 1145 tullianus
1195 1090 1290 1147 dixisse
1302 1091 1401 1146 uidetur
1414 1092 1493 1163 {nime
1513 1102 1628 1163 tempus,
1656 1107 1707 1163 qao
1734 1090 1821 1149 Filius

1057 1182 1107 1239 liei
1121 1194 1241 1240 nonmat.

1057 1321 1115 1376 lilia
1149 1320 1276 1376 Pelatitts
1302 1321 1552 1393 argumentatione,
1586 1336 1620 1377 cx
1658 1319 1816 1381 Tertulliani

1020 1421 1116 1469 contra
1130 1412 1326 1483 Hermogenem
1343 1414 1411 1470 lilno
1425 1413 1567 1481 deducta,
1596 1412 1703 1487 probari
1730 1415 1820 1483 adltqc

1021 1522 1102 1579 posse
1116 1508 1241 1579 opinatur
1257 1508 1293 1565 illi
1322 1509 1516 1582 incompertam
1531 1512 1637 1583 penitus
1661 1513 1744 1573 luisse
1761 1516 1822 1573 Filii

1022 1596 1271 1657 Dei'reternittttem.
1299 1603 1442 1659 Africanus
1456 1603 1589 1675 siquidem
1611 1608 1712 1664 Auctor
1727 1618 1821 1667 noster

1020 1696 1207 1760 disertissime,
1232 1694 1271 1751 uti
1285 1696 1394 1751 Petatio
1406 1697 1526 1763 videtur,
1538 1698 1695 1768 pronuntiat
1711 1712 1818 1773 tempus

169 1778 249 1834 toties
277 1779 416 1848 diximus,
445 1798 460 1839 a
485 1783 564 1842 Patre
601 1788 738 1859 prodivit,
759 1800 840 1863 atque
867 1790 968 1848 idcirco
992 1850 996 1856 .
1020 1788 1113 1855 luisse,
1125 1804 1178 1860 quo
1187 1786 1269 1843 Filius
1283 1788 1329 1843 llei
1345 1802 1397 1847 non
1406 1797 1473 1845 etat.
1491 1783 1696 1846 Purum'autem
1708 1802 1817 1863 putum-

168 1871 203 1925 ait
216 1887 250 1928 eo
260 1880 302 1929 est
315 1873 424 1944 quidem
438 1874 590 1947 distinctus,
600 1880 648 1935 sed
664 1897 716 1938 non
729 1874 834 1939 diuisus
847 1893 875 1940 et
888 1899 968 1955 sepn-
981 1882 1007 1944 B
1021 1898 1074 1953 quc
1086 1882 1149 1939 illud
1165 1883 1233 1947 atii,
1249 1891 1276 1937 ct
1288 1890 1451 1938 sectatorum
1466 1881 1527 1953 ejus
1537 1894 1721 1941 commentum
1744 1896 1821 1958 putat

168 1973 262 2031 ratus;
274 1966 336 2036 quia
350 1967 444 2024 eadem
461 1978 504 2026 est
518 1972 657 2044 utriusque
669 1976 830 2032 substantia.
843 1976 911 2032 Tum
921 1978 969 2034 dc·
1019 1975 1196 2048 eruditnsJille
1208 1975 1250 2030 tir
1261 1990 1277 2030 a
1287 1974 1452 2030 Tertulliano
1466 1976 1561 2041 asseri,
1575 1976 1619 2032 ubi
1632 1976 1819 2051 Hermogenis,

170 2058 233 2115 ltine
246 2058 392 2133 Scripturas
402 2063 524 2133 ejusdem
537 2068 697 2127 auctoritate
707 2072 824 2128 ostendit
838 2081 893 2129 tres
908 2088 969 2130 esse
1019 2070 1066 2141 qni
1083 2068 1224 2125 materiam
1249 2068 1305 2123 lleo
1329 2076 1491 2123 coaeternam
1505 2083 1566 2125 csse
1584 2069 1728 2141 garrieltat,
1743 2086 1822 2143 argu·

169 2151 308 2209 Trinitatis
331 2168 460 2225 personas
472 2158 574 2215 unitate
585 2160 702 2232 simplici
716 2177 865 2221 connexas.
880 2167 914 2221 tlt
925 2165 962 2221 itti
1020 2172 1110 2219 tnenta
1134 2162 1221 2219 diluit
1240 2160 1358 2217 Materia
1373 2161 1512 2218 eninttero
1531 2164 1710 2221 aeternitatem
1730 2163 1819 2221 haere·

169 2261 201 2303 ea
215 2246 323 2318 protulit
332 2249 425 2317 rerba,
442 2267 502 2322 quae
516 2253 595 2311 nobis
608 2256 772 2327 objiciuntur
784 2299 792 2324 ,
805 2273 836 2314 ac
849 2260 969 2329 posthaec
1021 2256 1089 2313 ticus
1101 2254 1147 2311 ille
1161 2253 1242 2311 ltnmo
1254 2256 1441 2311 demonstrare
1453 2269 1487 2310 eo
1501 2254 1647 2325 nitebatur,
1661 2256 1732 2329 quud
1746 2254 1818 2315 lieus

168 2337 304 2395 cottcludit
315 2342 406 2397 omnia
427 2341 496 2399 iacta
511 2360 572 2401 esse
587 2364 635 2416 per
650 2348 698 2404 liei
712 2364 887 2418 sermonem,
909 2352 969 2408 sire
1021 2366 1156 2424 nunquam
1174 2365 1228 2406 non
1241 2349 1369 2405 Dominus
1388 2347 1479 2435 luerit.
1500 2353 1535 2405 st
1551 2350 1698 2420 Dominus,
1711 2350 1818 2423 inquie-

170 2450 220 2517 per·
231 2434 327 2492 Filium
344 2435 390 2493 ilci
404 2479 411 2503 ,
427 2440 472 2510 qui
486 2440 585 2512 etipse
606 2440 678 2498 lleus
690 2453 740 2500 est.
758 2445 826 2514 Quia
840 2460 905 2516 ergo
921 2445 969 2502 ilci
1020 2444 1085 2512 bat,
1100 2458 1209 2513 semper
1232 2456 1293 2497 esse
1309 2456 1361 2495 non
1377 2440 1480 2511 potnit,
1502 2442 1552 2497 nisi
1580 2444 1721 2512 materiae,
1746 2444 1821 2516 enjus

81 2595 87 2609 ι
168 2540 260 2582 serum
274 2537 326 2594 est,
338 2528 439 2585 idcireo
451 2530 486 2587 ab
496 2548 530 2589 eo
544 2532 726 2607 distinguitur.
742 2545 769 2591 et
789 2537 859 2593 alius
872 2536 970 2595 dieitur
1019 2553 1118 2607 semper
1127 2535 1245 2589 dontinus
1259 2534 1402 2589 tenderetur.
1418 2532 1471 2590 Sed
1486 2534 1537 2589 ltuc
1553 2534 1729 2607 llermogenis
1742 2550 1822 2607 argu·

169 2636 299 2691 persone,
316 2622 412 2693 inquit,
427 2640 478 2678 non
494 2624 642 2681 substantie
651 2630 763 2694 notttine,
775 2628 811 2683 cd
823 2630 968 2687 distinctio·
1020 2639 1140 2685 mentum
1156 2626 1254 2683 rcieilit
1264 2624 1456 2691 Tertullianus,
1469 2635 1600 2697 negatque
1614 2625 1698 2683 Deum
1713 2642 1822 2701 semper

170 2730 239 2777 netu,
252 2732 302 2769 non
312 2715 346 2769 od
355 2716 513 2774 diuisionem.
525 2720 666 2790 Quomodo
676 2732 765 2780 autern
775 2740 827 2782 una
843 2736 884 2781 cst
896 2726 969 2783 iilius
1019 2722 1105 2778 titisse
1119 2720 1263 2776 llutnlnum
1278 2718 1287 2791 (
1303 2717 1410 2773 lectuli.
1424 2717 1466 2773 til.
1482 2719 1541 2773 edu.
1555 2716 1679 2792 Hermog.
1700 2736 1757 2791 cop.
1770 2719 1818 2794 5):

171 2807 460 2866 etl’atrissubstantia
481 2826 508 2869 et
533 2831 674 2872 unuscutn
700 2834 733 2873 ee
758 2820 844 2886 Deus,
867 2819 969 2876 nisiab
1021 2815 1102 2882 otus.
1130 2814 1211 2880 essim·
1240 2813 1277 2868 ¹¹¹5
1300 2814 1354 2879 ²³¹·
1375 2813 1521 2869 ‘mmmm
1546 2814 1628 2887 ¹'inii‘
1654 2832 1762 2881 mmm·
1791 2815 1819 2871 Μ

171 2904 370 2971 etenensium
389 2891 585 2964 Paterluoritt
608 2909 676 2966 Cnnt
699 2912 969 2983 igitnrdititFilium
1019 2915 1078 2974 θεῖ,
1105 2905 1272 2970 Dividimus:
1296 2903 1420 2960 Datilum
1453 2922 1511 2961 vem
1551 2922 1602 2961 '²0¹²
1639 2908 1815 2977 substantie,

172 2996 218 3052 net
234 2998 553 3056 intumescentium
574 3018 627 3057 non
639 3004 812 3074 apparuisse,
832 3006 903 3061 natu
919 3005 969 3063 m-
1020 2999 1065 3055 od
1080 2998 1220 3066 attestati·-
1238 2996 1369 3052 Dominus
1383 3012 1447 3067 ergo
1463 3006 1565 3053 tantum
1586 2996 1654 3067 fait.
1675 3016 1706 3055 ex
1721 3016 1775 3071 tuo
1789 3016 1822 3058 ea

173 3102 253 3145 sture
265 3090 399 3160 signilloat
424 3090 498 3148 illum
514 3101 578 3149 tunc
591 3095 656 3150 nulli
681 3107 812 3154 creature
825 3097 907 3155 inisse
921 3114 969 3155 eo·
1022 3108 1083 3150 esse
1095 3100 1246 3162 coepottffli,
1271 3106 1331 3161 ‘lflae
1342 3091 1414 3147 ⁰0⁰⁵
1433 3092 1459 3146 5¹¹
1481 3102 1614 3163 i>⁰¹i⁸¹i¹e
1630 3092 1731 3150 habuit.
1753 3096 1821 3153 Tum

171 3183 283 3253 gnitum.
298 3182 349 3241 Ubi
361 3200 435 3250 tero,
452 3187 490 3241 uti
504 3186 550 3243 illc
564 3186 663 3244 ibidem
678 3190 739 3255 ait,
767 3192 854 3262 primo
867 3192 968 3249 dictum
1021 3184 1120 3241 deinde
1142 3185 1180 3240 sic
1202 3184 1394 3255 prosequitur:
1413 3182 1481 3251 Quin
1504 3193 1528 3239 et
1544 3195 1617 3256 pater
1637 3184 1707 3242 licus
1728 3198 1780 3255 est,
1797 3199 1822 3243 et

172 3284 214 3330 est
224 3318 231 3340 ,
243 3274 305 3332 Fiat
318 3277 381 3347 tce,
397 3287 461 3335 tunc
472 3280 563 3335 gratim
577 3280 622 3337 lux
637 3284 705 3339 [acta
720 3295 782 3351 est,
808 3295 836 3340 er
848 3278 1006 3357 appar-pite
1020 3278 1103 3350 jttdec
1118 3276 1244 3341 Bennett,
1265 3291 1316 3329 non
1331 3276 1387 3329 ideo
1404 3284 1489 3331 tntnen
1505 3275 1700 3349 poteretp'uden
1711 3294 1822 3350 sertrper,

173 3368 220 3424 lux
234 3384 309 3439 vera,
325 3370 382 3426 site
392 3372 488 3429 Sermo
499 3373 558 3442 ilci,
571 3388 624 3430 non
640 3375 759 3447 quidem,
773 3378 835 3449 quia
848 3388 902 3434 tum
918 3382 972 3450 pri·
1023 3376 1084 3448 quio
1099 3373 1167 3449 Deos
1185 3389 1294 3444 setnper.
1316 3370 1343 3425 N
1346 3388 1387 3425 dot
1401 3388 1447 3435 περ
1460 3380 1532 3443 sitiet
1550 3374 1633 3443 ptumi
1644 3388 1699 3428 0⁸⁸⁰
1710 3382 1769 3429 aliid
1787 3374 1823 3443 fi·

173 3478 257 3526 tunm,
273 3474 413 3521 trecentos
429 3466 554 3535 exstitit,
572 3468 618 3538 qui
630 3469 665 3525 ab
679 3478 780 3527 :eterno
792 3472 897 3541 genitus
911 3472 971 3528 ine-
1024 3470 1098 3532 lintn,
1113 3466 1248 3538 necjndcx
1263 3476 1321 3520 cate
1334 3464 1463 3519 delictum.
1476 3462 1537 3519 Fnit
1550 3474 1633 3520 ortem
1642 3473 1750 3536 tempus,
1764 3484 1824 3523 cunr

173 3566 232 3621 rat;
245 3556 294 3612 sed
305 3557 367 3628 quia
381 3567 443 3613 tunc
454 3557 608 3616 huminibus
627 3562 708 3632 erepit
722 3578 862 3634 apparere,
874 3565 920 3635 qui
931 3574 973 3621 cst

173 3650 220 3705 lux
233 3665 320 3717 tera,
340 3666 401 3722 quae
419 3653 552 3709 illuminat
574 3669 682 3711 omnem
701 3655 842 3712 hominem
860 3658 971 3715 uenien-

175 3753 229 3799 tem
249 3744 275 3799 in
303 3744 375 3801 hune
403 3746 541 3803 mundum.
572 3750 608 3804 At
627 3757 734 3805 tantum
761 3752 838 3808 abest
864 3752 974 3811 ornae

175 3836 333 3895 Tertulliani
353 3843 437 3895 nostri
459 3843 602 3914 responsio
617 3842 727 3900 Petario
740 3844 853 3917 aliisque
867 3844 971 3916 lateat,

175 3931 239 4003 quin
253 3932 342 4003 potius
369 3940 451 3988 toturn
467 3932 586 3992 funditus
601 3945 704 3993 evertat
723 3952 816 3993 eorum
831 3953 975 4010 argumen-

176 4025 315 4081 tationem.
790 4090 794 4095 ,

212 4118 319 4176 Scitnus
327 4119 434 4193 quidem
444 4120 515 4177 illius
526 4122 695 4179 rerbaalium
709 4124 735 4179 in
749 4138 883 4180 sensuma
897 4124 975 4183 Bullo

175 4214 341 4287 detorqueri.
360 4216 397 4271 lia
411 4218 483 4273 enirn
508 4216 586 4274 valde
608 4220 721 4276 obscura
736 4236 796 4274 esse
810 4220 974 4288 conlitotur,

177 4306 223 4361 sed
241 4324 301 4378 qum
322 4316 411 4363 armen
431 4310 583 4379 suspicatur
608 4310 641 4366 de
660 4310 721 4366 Filii
747 4312 914 4383 apparitione
936 4312 975 4369 sic

177 4412 237 4455 csse
250 4397 423 4465 intelligenda
441 4418 448 4453 :
464 4400 548 4455 Filius
559 4401 625 4465 liei,
650 4402 687 4456 ait
699 4401 768 4469 ille,
791 4414 924 4473 quatenus
934 4413 976 4460 est

57 4508 63 4517 ·
153 4507 155 4512 ·
177 4502 278 4547 aetcrna
291 4489 406 4547 llatiuet
419 4491 531 4563 Sophia,
554 4494 652 4549 tuncin
667 4494 761 4566 primis
780 4510 910 4566 apparere
932 4495 975 4551 itt·

178 4587 277 4670 roepit,
293 4587 402 4657 quondo
417 4588 488 4642 lions
503 4588 668 4644 inconditam
682 4598 709 4646 et
729 4588 870 4645 curtiusam
884 4605 975 4646 rerum

1025 3573 1048 3617 et
1061 3563 1180 3616 delictum
1199 3572 1223 3615 et
1242 3561 1312 3629 pilius
1340 3576 1391 3613 nott
1415 3559 1484 3629 snit,
1509 3559 1577 3631 qnod
1594 3559 1725 3627 indicent,
1743 3563 1825 3634 etqui

1026 3663 1124 3726 putrent
1137 3653 1267 3708 dontinnnt
1282 3653 1376 3723 faceret
1393 3667 1402 3705 :
1427 3653 1463 3707 sic
1476 3661 1499 3706 et
1514 3653 1632 3708 dorninns
1646 3669 1697 3708 aon
1710 3664 1769 3709 onte
1781 3672 1823 3721 ec,

1025 3763 1133 3819 querunt
1148 3746 1266 3801 dontinus
1279 3747 1405 3810 existeret,
1420 3744 1465 3799 sed
1478 3745 1596 3801 dontinus
1610 3753 1709 3801 tantum
1721 3751 1823 3819 futurus

1025 3842 1193 3914 quandoque,
1208 3844 1273 3895 sient
1286 3848 1357 3909 pater·
1368 3855 1412 3912 per
1426 3838 1525 3908 pilitum,
1542 3841 1608 3894 sient
1625 3842 1709 3911 judee
1722 3858 1767 3913 per
1781 3844 1827 3898 dc·

1031 3938 1135 4004 lictant;
1157 3938 1194 3991 itu
1205 3950 1228 3989 et
1243 3934 1361 3989 dotninns
1374 3950 1418 4002 per
1430 3950 1469 3999 eo,
1481 3950 1537 4004 qnte
1549 3934 1596 3989 sibi
1608 3936 1732 3990 setuimro
1751 3936 1827 4007 [eels-

1027 4044 1076 4090 set.
1093 4030 1170 4089 Unde
1185 4028 1320 4085 concludit
1343 4028 1469 4083 Petatius
1486 4044 1500 4082 tt
1523 4028 1687 4085 Tertulliano
1709 4031 1781 4087 clare
1794 4046 1827 4086 ac

1027 4124 1169 4198 perspicue
1186 4120 1291 4179 doituiri
1308 4118 1391 4177 luisse
1414 4130 1529 4205 temnus,
1546 4136 1599 4193 quo
1613 4120 1695 4179 Filius
1708 4122 1756 4179 [lei
1773 4138 1826 4182 nott

1010 4206 1013 4214 ’
1027 4225 1094 4274 erat.

1064 4310 1157 4384 Neque
1170 4308 1388 4383 respondendum
1402 4317 1444 4365 est
1452 4308 1646 4365 Tertullianum
1663 4324 1716 4365 uon
1726 4310 1827 4381 delini,

1029 4404 1076 4461 sed
1089 4403 1210 4476 quolibet
1232 4400 1371 4457 hominurn
1398 4400 1453 4455 lilio
1468 4400 1552 4471 loqui.
1582 4399 1649 4455 Nam
1664 4400 1709 4458 ubi
1725 4401 1758 4458 de
1779 4403 1829 4459 tter

1029 4497 1149 4568 Sophia,
1164 4496 1221 4551 site
1235 4494 1293 4563 ipso
1308 4494 1354 4549 liei
1368 4492 1448 4560 Filio,
1463 4491 1583 4559 disserit,
1598 4491 1634 4548 itt
1647 4491 1681 4549 de
1696 4493 1742 4549 illo
1764 4494 1830 4551 citat

1029 4606 1057 4650 et
1070 4594 1262 4663 interpretatur
1285 4589 1343 4675 lunc
1358 4587 1567 4645 Protoritiorum
1591 4586 1673 4644 terim
1691 4587 1827 4660 (Proceri.

179 4686 318 4736 ntaterlenr
330 4680 460 4751 sapientia
474 4696 523 4737 sun
537 4682 692 4752 disponere,
707 4661 843 4748 oidinare,
855 4677 1015 4740 otetur-D
1032 4686 1097 4743 llll.
1115 4695 1133 4741 t.
1147 4684 1192 4740 Ἠ.
1206 4696 1229 4740 ει
1242 4684 1323 4755 seqq.)
1336 4699 1345 4737 :
1359 4680 1483 4737 donnaus
1496 4680 1611 4736 condidit
1636 4697 1678 4738 nte
1687 4682 1760 4738 initio
1774 4684 1830 4739 uia-

160 4762 244 4830 'narc
259 4788 401 4846 aggressus
419 4784 470 4829 est.
488 4776 523 4830 tt
541 4791 573 4831 er
587 4774 715 4843 contusa,
737 4792 788 4833 nec
802 4779 923 4833 ordinata
935 4794 978 4834 re·
1030 4794 1202 4837 rttrttsnornm
1214 4778 1260 4833 :in
1279 4792 1357 4845 opero
1371 4792 1418 4829 suu
1435 4783 1494 4829 onte
1512 4774 1607 4829 sternte
1619 4772 1736 4847 fundauit
1754 4791 1829 4835 mc...

179 4882 240 4923 rum
253 4867 389 4938 congerie,
404 4883 464 4937 que
478 4867 561 4924 chaos
572 4877 700 4937 uocatur,
724 4868 841 4925 nondum
857 4872 981 4929 eluxerat
1032 4873 1110 4929 Prior
1129 4881 1213 4927 natent
1224 4869 1316 4942 oigsso
1342 4870 1428 4941 genito
1449 4884 1515 4923 runt.
1539 4864 1585 4924 Sic
1596 4876 1687 4923 autern
1704 4868 1750 4925 iile
1765 4868 1829 4926 inde

182 4961 372 5032 persapientis
387 4961 532 5033 etSupltia.
543 4962 609 5017 Tum
623 4977 686 5018 tero
696 4963 846 5020 clarissime
858 4965 979 5035 emicuit,

180 5054 288 5127 quando
302 5054 346 5108 tm
359 5054 514 5126 primigenia
530 5096 538 5122 ,
573 5063 701 5127 tattqnatn
726 5057 815 5131 imago
833 5057 895 5113 Filii
911 5058 978 5127 llei,

181 5150 226 5220 qui
247 5160 356 5206 aeterum
370 5150 437 5205 lucis
450 5150 578 5223 splendor
586 5159 645 5218 est,
660 5152 799 5207 ntatcrinnt
814 5152 956 5209 illustravit
971 5195 979 5221 ,

182 5256 279 5311 resque
294 5240 413 5313 singulas
426 5256 473 5297 sna
488 5242 596 5299 restitit
619 5244 729 5313 speeie,
758 5259 859 5315 suoque
872 5256 979 5301 ornatu.

183 5332 235 5387 Sed
252 5332 314 5388 ltuie
344 5334 556 5405 interpretationi
585 5334 650 5390 illud
679 5351 830 5407 repugnare
854 5336 980 5408 ridetur,

182 5426 254 5498 quod
268 5442 321 5482 non
346 5428 433 5483 ntinus
446 5443 479 5484 ex
502 5429 631 5484 orutnnao
645 5437 672 5486 et
689 5429 809 5485 coniusae
836 5432 980 5500 materiei,

182 5534 262 5591 quant
272 5536 303 5575 cx
314 5520 381 5575 lucis
396 5521 560 5592 primigeniae
569 5525 707 5580 creatione
718 5524 817 5581 emicat
830 5522 878 5581 uei
887 5540 979 5581 sermo

183 5612 315 5679 etl'ilius,
332 5628 379 5683 per
393 5628 472 5684 quem
484 5624 511 5670 et
521 5616 565 5671 lut
578 5616 703 5686 quaelibet
715 5658 723 5681 ,
734 5627 761 5673 et
779 5628 877 5674 caetera
891 5620 982 5676 otnnia

111 5744 120 5759 .
184 5695 982 5781 creatasunt.Siquistantenreeteprobnt·eritteratnesss

185 5798 275 5867 itanc,
295 5814 374 5869 quam
389 5800 481 5856 Rullus
492 5798 587 5867 alfort,
610 5801 755 5859 verborum
768 5802 924 5861 Tertulliani
935 5820 982 5861 ex·

185 5892 368 5965 plicationem,
379 5892 442 5951 huic
463 5909 516 5952 non
529 5892 673 5952 admodum
687 5896 889 5973 reluctabimur,
899 5900 981 5960 modo

1032 4973 1234 5039 argumentatur
1247 4966 1256 5034 (
1269 4961 1378 5016 Terruit.
1394 4962 1437 5016 tit.
1458 4961 1517 5015 edu.
1534 4958 1659 5032 llerrnog.
1674 4977 1732 5032 cop.
1754 4959 1800 5035 tlt)
1817 4978 1826 5016 r

1033 5064 1161 5134 Agnoscat
1193 5074 1252 5131 erqo
1287 5054 1459 5127 llennoqcncs
1478 5054 1573 5109 idcirco
1602 5054 1679 5108 etium
1710 5056 1830 5124 sopitione

1033 5152 1081 5209 Dei
1109 5162 1195 5207 notant
1214 5164 1236 5206 ct
1255 5149 1382 5205 cottditom
1402 5146 1561 5220 predicari,
1591 5146 1690 5217 nequid
1712 5148 1831 5203 insutum

1033 5255 1057 5301 et
1068 5246 1226 5301 inconditum
1238 5253 1329 5315 praeter
1342 5244 1423 5297 solum
1436 5240 1520 5296 Deam
1535 5241 1703 5296 crederemus.
1720 5241 1751 5298 St
1765 5243 1834 5298 errius

1035 5340 1102 5393 intro
1113 5336 1250 5391 llontitnnn
1261 5334 1327 5403 qnod
1338 5350 1370 5388 cs
1382 5334 1446 5406 ipso,
1463 5344 1486 5389 et
1498 5333 1593 5405 inipso
1605 5334 1671 5407 init,
1695 5334 1750 5391 sinc
1760 5336 1832 5391 initio

1035 5448 1086 5487 non
1097 5431 1161 5500 snit,
1175 5428 1275 5497 Sopita
1287 5426 1382 5481 scilicet
1395 5426 1491 5495 ipsius,
1508 5425 1600 5481 esinde
1613 5438 1674 5481 racto
1686 5428 1836 5494 etcottdito:

1036 5542 1067 5581 ec
1078 5540 1129 5597 quo
1147 5524 1174 5577 in
1187 5538 1260 5577 scttsu
1273 5519 1321 5574 Dei
1340 5520 1375 5573 od
1386 5534 1464 5588 opero
1476 5520 1565 5575 mnndi
1579 5520 1739 5592 disponenda
1757 5522 1834 5593 erepit

1035 5616 1128 5690 agitari
1142 5630 1152 5681 ,·
1177 5614 1255 5667 tttttlto
1269 5612 1352 5683 tttnpis
1363 5628 1413 5668 non
1425 5612 1494 5684 capit
1523 5612 1579 5669 sine
1597 5614 1670 5669 initio
1693 5613 1834 5686 quidquam

1035 5713 1113 5786 [nisse
1125 5752 1132 5779 ,
1146 5708 1213 5777 qttod
1226 5717 1298 5763 extro
1314 5705 1450 5762 Dotrtimtm
1462 5707 1548 5775 itteris
1563 5704 1602 5763 tui
1617 5720 1682 5764 sane
1691 5704 1837 5765 Tertullia-

1036 5820 1104 5871 nus,
1130 5800 1273 5873 inquient,
1293 5799 1381 5871 palam
1403 5805 1541 5855 assereret
1561 5797 1689 5869 Sophiam
1712 5798 1837 5860 strepet

1035 5898 1133 5959 Filium
1149 5910 1201 5952 non
1217 5893 1300 5953 luisse
1314 5892 1372 5951 sine
1387 5892 1481 5963 initio,
1496 5891 1616 5965 illudque
1631 5876 1787 5967 acco'pissc3
1804 5910 1837 5954 ae
