4084 6334
901 700 1154 791 suanusuruu.

209 806 400 876 Ameusille
418 810 804 889 libellus.aTertulliano
818 834 891 883 sane
904 817 1046 881 adituri
1098 818 1312 899 complexum,
1338 820 1502 889 meatum
1525 825 1796 905 Christianorum,
1817 832 1859 897 ad

250 891 404 956 eatltolieo
419 892 613 976 descriptus,
629 897 703 965 imo,
719 896 810 959 modo
829 897 871 960 od
884 907 1007 981 martp-
1100 900 1315 983 confusionem
1328 903 1504 979 nationum,
1514 906 1785 973 adeattltotionem
1794 916 1858 977 An·

1099 982 1251 1122 pelorum.
1266 982 1345 1063 Cap.
1365 982 1395 1045 5.
1411 984 1533 1061 Quarta
1560 989 1717 1069 trifariam
1736 992 1859 1072 quidem

248 989 301 1034 ros
315 973 583 1048 adhortationem,
600 976 629 1037 si
645 975 746 1045 lnict,
763 976 925 1058 excipias,
935 978 1008 1061 pri·
1035 1004 1037 1013 ,

248 1070 333 1123 mus,
341 1052 451 1133 judice
467 1057 504 1118 D.
526 1057 695 1137 iunipero,
710 1059 792 1119 tanti
814 1058 942 1137 injuste
957 1060 1007 1122 in·
1121 1060 1189 1123 aiat
1205 1063 1466 1143 replicationem,
1490 1066 1610 1129 seilicet
1624 1068 1660 1131 de
1681 1090 1762 1149 pone
1777 1092 1859 1135 cotn-

248 1132 334 1212 penii
345 1135 464 1197 recenti
478 1136 539 1217 fide
552 1136 621 1217 jam
636 1138 854 1200 reviviscentis
869 1140 1005 1220 fructus,
1062 1145 1067 1153 '
1100 1142 1188 1204 muni
1198 1189 1206 1211 ,
1225 1142 1334 1205 deinde
1346 1144 1383 1205 de
1400 1144 1522 1208 Christo
1537 1156 1646 1228 utpote
1668 1151 1859 1215 credentium

247 1213 416 1294 pertinetis
430 1233 464 1277 re
477 1216 655 1296 dopmatica
679 1225 742 1290 eet,
760 1220 930 1299 partienda
942 1238 1007 1283 eno
1095 1239 1191 1303 pone,
1223 1232 1378 1303 postremo
1394 1224 1431 1289 de
1453 1243 1585 1307 corpore
1599 1226 1721 1291 Ciristi
1746 1233 1859 1296 cucia-

247 1293 336 1358 stota
351 1302 379 1355 et
392 1294 572 1377 disciplina.
1098 1302 1223 1365 ristieo.
1238 1304 1285 1367 Ca
1310 1350 1318 1365 .
1331 1306 1363 1367 6.
1379 1307 1525 1369 Tnmliei
1541 1307 1733 1372 clementiam
1746 1314 1859 1393 quinto

206 1376 250 1446 ln
260 1376 370 1455 priore
381 1376 590 1457 ipsiusparte,
602 1377 785 1444 Orationem
796 1378 1001 1455 dominicam.
1078 1382 1259 1463 implorat.
1276 1322 1355 1465 gap.
1373 1387 1403 1449 t.
1428 1386 1527 1451 Senta
1542 1388 1663 1453 demum
1683 1400 1711 1453 et
1729 1394 1859 1471 septima

243 1455 369 1535 primus
386 1458 523 1521 omnium
538 1477 617 1541 quos
629 1462 820 1530 noverimus.
833 1462 1006 1545 Septimia·
1058 1533 1061 1541 ,
1098 1465 1311 1542 tentationem,
1326 1466 1499 1547 moturaque
1510 1467 1854 1552 depreeatur.Cap.'l·9.

246 1553 307 1596 ans
319 1545 427 1597 noster
437 1538 610 1602 luculenter
626 1539 764 1623 explicat
779 1586 787 1614 ‚
801 1541 837 1603 in
851 1560 944 1635 eaque
956 1549 1006 1604 to·
1053 1542 1141 1623 ¹Pars
1156 1562 1228 1606 oero
1240 1547 1401 1627 posterior
1414 1546 1581 1629 multiplea
1605 1559 1669 1619 est,
1686 1571 1742 1613 nee
1758 1562 1859 1618 tamen

248 1616 312 1678 tius
327 1616 495 1696 Evanpelii
508 1618 687 1681 doctrinam
701 1622 784 1683 velut
797 1621 833 1683 in
844 1621 1005 1704 eujusdam
1098 1626 1256 1703 nuperrime
1282 1626 1323 1687 ad
1341 1628 1404 1690 trio
1423 1626 1485 1688 iao
1509 1628 1697 1691 reducitur:
1713 1632 1743 1692 1ο
1761 1633 1853 1709 Quor-

245 1696 420 1776 compendii
436 1699 560 1778 speerelo
575 1700 734 1763 collectam
748 1700 870 1763 calloet
888 1702 1005 1772 :multi
1099 1722 1172 1765 nam
1189 1712 1260 1767 aute
1277 1706 1451 1769 orationem
1464 1708 1770 1787 (ructuoseauimam
1783 1730 1860 1793 prte-

240 1786 317 1855 post
332 1794 401 1839 eum
420 1778 553 1839 eamdem
579 1782 689 1845 tritam
703 1780 835 1843 inlinere
863 1782 946 1848 aiom
967 1801 1005 1847 ao
1092 1795 1230 1865 pareat,
1261 1786 1410 1849 nimirum
1438 1789 1585 1849 memoria
1618 1802 1853 1873 praceptorum,

246 1857 281 1919 in
296 1875 360 1919 eam
384 1858 536 1939 imprimis
552 1861 618 1921 e'us
633 1880 672 1923 ex
696 1871 803 1942 aperto
828 1861 1008 1942 discipulus
1097 1883 1133 1925 ae
1159 1882 1228 1945 pra
1250 1866 1391 1929 omnibus
1418 1868 1523 1947 officia
1545 1868 1726 1942 claritatis,
1760 1873 1859 1936 libera

245 1936 427 2018 Cyprianus
443 1946 529 2000 totus
545 1880 635 2003 aiiii.
652 1941 694 2003 ln
713 1943 887 2025 posteriori
900 1951 1001 2027 parte,
1098 1944 1199 2005 animi
1212 1944 1348 2007 intentio
1363 1965 1425 2028 qua
1436 1948 1664 2013 inenarrabiles
1674 1952 1806 2031 spiritus
1818 1954 1859 2017 ad
1907 1978 1912 1985 ·

245 2034 307 2098 pua
319 2020 491 2098 prasertim
515 2020 641 2087 ratione
652 2022 753 2085 sacris
766 2022 1005 2108 iaterapcndum
1096 2024 1223 2089 Patrem
1238 2027 1370 2105 pemitns
1384 2028 1565 2090 eliciuntur.
1583 2028 1657 2113 Cap.
1680 2030 1810 2095 10-15.
1827 2034 1858 2095 2⁰

244 2097 302 2169 rit.
317 2098 408 2178 quiae
427 2116 557 2179 precum
570 2100 653 2163 ritus
679 2103 745 2165 sint
769 2112 824 2165 aut
840 2103 1004 2165 omittendi

245 2185 301 2239 aut
327 2177 434 2242 sedulo
463 2182 673 2261 perficiendi,
706 2200 782 2243 rara
814 2182 1000 2259 admodum,

243 2275 304 2340 pro
319 2268 491 2338 temporum
504 2268 672 2332 vestutate,
698 2264 899 2344 expositione
912 2262 1003 2326 indi·

266 2338 338 2406 ital.

204 2357 309 2484 re⁹rr0
324 2419 387 2482 iae
399 2430 475 2483 sunt
495 2422 659 2505 praecipua
668 2426 788 2505 prioris
800 2426 903 2507 portis
916 2426 1002 2507 vopi-

245 2510 298 2565 to:
325 2501 355 2564 1⁰
372 2500 506 2578 Quanta
521 2503 562 2566 sit
576 2505 680 2570 oratio
704 2504 863 2590 illaquam
875 2506 1002 2585 ipsemet

244 2580 378 2646 tradidit
393 2582 453 2646 Dei
465 2601 563 2645 sermo
574 2592 602 2646 et
614 2585 674 2647 Dei
684 2586 886 2663 ratio,sermo
898 2585 1002 2651 ratio-

245 2661 297 2725 nis
311 2672 340 2723 et
358 2664 444 2725 ratio
468 2664 631 2735 sermonis,
661 2666 700 2727 1).
715 2666 760 2729 lt.
777 2668 812 2728 J.
829 2666 862 2732 C.
877 2666 951 2747 cap.
971 2667 1001 2730 1.

244 2742 275 2805 θ’
290 2741 429 2806 Subinde
436 2742 604 2807 deducitur
614 2746 779 2809 scordium
789 2748 824 2809 in
832 2764 896 2827 quo
905 2764 1005 2826 opno-

244 2822 346 2884 scitnr
360 2822 477 2897 Pater,
506 2833 535 2887 et
551 2826 587 2886 in
600 2826 696 2888 Pure
706 2826 811 2889 Filius
822 2828 1001 2897 invocatur.

241 2904 1003 2987 momaterqnidemlieelesiaproteritur.tlop.2.

244 2982 364 3044 &Tum
390 2984 518 3064 sinpala
534 2986 700 3066 sipillotim
723 2988 906 3069 explicatur
918 2987 1005 3069 peti-

235 3064 533 3149 tio‚primanempe,
549 3084 611 3146 qua
623 3074 720 3130 etnos
731 3066 924 3147 Anpelornm
935 3084 1005 3129 con·

242 3143 512 3215 dicatissima
527 3147 724 3227 liciatorium
733 3148 894 3229 ipsiusque
901 3145 1002 3209 inno·

243 3223 409 3286 bisnomtn
424 3226 654 3308 sanctificatum
663 3228 952 3309 postulamus.Cop.
968 3226 998 3291 3.

240 3302 384 3372 Secundo
407 3305 479 3369 acr'o
498 3315 634 3389 ropatur
646 3317 683 3371 at
697 3311 751 3390 fiat
768 3308 835 3389 ejus
853 3308 1000 3371 uoluntas

240 3386 275 3448 in
296 3383 389 3448 neiis
402 3386 458 3468 qui
473 3388 580 3450 colum
594 3396 622 3450 et
642 3398 728 3450 terra
741 3408 856 3451 morus.
872 3389 951 3469 Cap.
967 3386 999 3451 lt.

239 3466 346 3529 Tertia
358 3480 460 3529 mtrem
472 3468 684 3550 festinandum
696 3478 741 3531 cst
754 3468 868 3549 adepti
877 3468 1029 3532 marroc

447 3591 561 3654 entur
580 3593 723 3656 l‘thlUll.

238 3687 286 3745 liei
299 3686 339 3760 (a)
352 3688 462 3760 spiritus
471 3698 503 3745 et
515 3689 563 3748 uei
572 3705 682 3761 sermo,
697 3698 737 3762 et,
746 3690 796 3748 liei
817 3688 935 3762 retiati)
949 3730 958 3753 .
970 3698 999 3747 ct

1099 2104 1249 2181 Ωιιιιιιαιιι
1262 2107 1407 2171 eiurante
1419 2110 1482 2173 siue
1493 2117 1568 2189 post
1579 2112 1752 2175 orationem
1764 2112 1858 2177 libeat

1098 2185 1427 2268 omitterulmonempe
1438 2190 1536 2250 estuel
1544 2208 1653 2251 manus
1663 2190 1859 2264 abinonensi

1090 2264 1465 2405 penulamdeponeremel
1483 2270 1627 2333 assidere.
1637 2271 1854 2353 capto-1⁵1.

1116 2346 1364 2427 ”Quanamoero
1374 2347 1504 2411 deceant
1514 2359 1693 2413 autneeesse
1704 2353 1769 2415 sint
1781 2372 1858 2435 per-

1095 2426 1225 2507 apenda,
1242 2428 1858 2507 seilicetmouunmelatioruultuuooeis.

1097 2524 1156 2589 qus
1171 2506 1329 2577 demissim
1341 2508 1593 2591 ascalonitana
1603 2512 1747 2577 statiood
1757 2533 1854 2589 aram,

1098 2596 1224 2667 accepto
1240 2606 1372 2668 corpore
1387 2590 1517 2653 Domini
1531 2600 1559 2652 et
1573 2602 1744 2665 reservata·
1761 2594 1857 2657 ltali-

1096 2674 1146 2729 tus
1161 2668 1355 2748 [aminarum
1366 2668 1534 2738 modestus.
1549 2670 1745 2754 velamenque
1755 2676 1854 2755 cirpi-

1095 2765 1191 2817 nnm:
1207 2765 1308 2827 penua
1321 2748 1467 2829 flectendi
1489 2751 1588 2819 ritus,
1616 2754 1706 2815 locus
1722 2754 1838 2817 orandi
1846 2800 1854 2826 ,

1096 2827 1239 2908 iuraque
1258 2828 1478 2897 solemniorem·
1503 2830 1645 2893 alternus
1663 2834 1857 2913 psalmorum

1099 2914 1234 2976 eantur:
1261 2925 1417 2991 apapeque
1449 2908 1580 2981 deuota,
1609 2922 1761 2975 coronato
1787 2934 1857 2977 cum

1097 3006 1213 3069 pompa
1226 3006 1355 3070 operum
1371 2988 1544 3063 bonorum,
1574 2991 1660 3053 inter
1674 2992 1811 3073 psalmos
1826 3004 1855 3057 et

1096 3068 1227 3151 hymnos
1240 3069 1281 3130 ad
1294 3070 1394 3131 altare
1408 3070 1468 3131 Dei
1481 3070 1624 3133 deducto.
1640 3072 1719 3155 Cap.
1746 3074 1853 3137 16-28.

1095 3148 1248 3231 Consertae
1271 3148 1344 3211 leuia
1368 3168 1404 3213 aa
1418 3150 1531 3213 mirum
1546 3152 1581 3213 io
1595 3152 1719 3215 niodum
1745 3155 1855 3235 opima

1095 3236 1232 3291 veterum
1258 3228 1379 3293 rituum
1406 3230 1503 3309 eopia
1531 3230 1775 3309 superadditur,
1803 3254 1854 3299 so·

1093 3309 1219 3373 ronidie
1244 3309 1370 3379 instar,
1395 3308 1432 3371 de
1450 3309 1482 3373 oi
1506 3317 1535 3373 et
1560 3311 1672 3391 effectu
1696 3316 1853 3378 orationis

1095 3397 1210 3451 ornata
1225 3388 1473 3471 ontplitsimoqne
1493 3389 1675 3473 descriptio.
1701 3394 1780 3534 CEap.
1798 3394 1849 3457 uu.

1740 3494 1794 3536 un.

1049 3610 1141 3657 sermo
1167 3595 1205 3669 (a)
1235 3595 1347 3655 radonis
1373 3606 1401 3654 et
1432 3596 1501 3657 ratio
1533 3600 1683 3667 munais,
1709 3609 1851 3675 utrumque

1050 3686 1129 3745 lesus
1148 3688 1274 3747 Christus
1296 3690 1426 3747 Dominus
1448 3700 1559 3760 noster,
1587 3691 1670 3749 uobis
1707 3692 1847 3767 discipulis

883 3778 1160 3841 contemnimus.

254 3878 294 3949 (a)
329 3877 378 3936 lta
412 3878 537 3952 smnus.
570 3876 631 3938 Nou
664 3878 708 3937 liic
743 3887 846 3935 tautum
883 3877 931 3935 scd
965 3887 993 3935 ct

200 3949 266 4007 tlibi
286 3949 437 4006 Christusne
450 3948 616 4009 Tertulliano
633 3947 683 4004 Dei
707 3950 811 4023 ιρὶιίιιιι
831 3950 991 4023 appulimus,

142 4034 147 4039 ·
194 4030 229 4076 ¹ut
238 4020 331 4079 nidere
341 4030 383 4077 ost
397 4023 425 4078 iu
436 4020 562 4092 ipsulm„
572 4036 632 4092 cap.
643 4063 651 4085 ,
663 4020 726 4084 tt..
739 4032 767 4077 et
779 4022 909 4079 adsersus
922 4020 994 4077 ilar·

197 4092 348 4156 cino.‚lib.
372 4091 990 4164 l.‚cnu.itl.‚etlilr.lll.,mpi'ctlli..

198 4163 352 4230 stibii..
366 4180 427 4237 asp.
441 4164 488 4223 il.
501 4209 509 4225 .
523 4164 692 4223 erudiemus
706 4165 836 4221 Priscam
848 4207 857 4229 .
871 4179 930 4236 otp-
944 4162 991 4231 26,

197 4235 351 4307 Appellatio
360 4247 434 4294 certe
448 4238 548 4293 uostris
572 4252 644 4293 stunc
657 4236 767 4293 auribus
780 4236 850 4293 utile
865 4251 965 4293 sonatis
980 4276 990 4301 ,

198 4315 230 4363 nt
242 4308 375 4365 ueteribus
389 4308 559 4378 quibusdam,
573 4308 693 4366 tarsen
705 4350 714 4376 ,
726 4324 787 4379 quen
797 4308 896 4365 duodo
910 4308 991 4363 obor-

198 4384 233 4433 ta
246 4386 330 4443 suist,
344 4388 408 4436 uite
418 4380 512 4435 ocultis
527 4394 581 4435 unu
596 4380 776 4445 ltobcutibut.
790 4380 896 4449 income
910 4392 988 4435 usur·

198 4457 269 4519 pte.
284 4448 314 4507 ln
326 4465 359 4509 eu
371 4451 540 4518 instruimini
554 4452 686 4509 sctttentiu
702 4452 752 4509 luit
764 4450 921 4509 meursius
931 4450 989 4510 Fit-

1044 3876 1348 3949 mujeetatieeppellous,
1361 3876 1422 3935 ideo
1435 3876 1572 3935 Christum
1600 3875 1649 3936 Dei
1668 3881 1791 3952 spiritum
1814 3883 1849 3941 ti

1044 3945 1229 4033 illoroentum
1241 3950 1368 4019 arbitror,
1396 3948 1466 4078 (prad
1492 3948 1610 4021 gesserat
1637 3954 1747 4037 domitto
1763 3956 1848 4013 iteum

1044 4017 1097 4076 dict
1122 4029 1241 4095 spiritam
1264 4020 1388 4077 crederet
1423 4036 1509 4094 «sputis
1531 4022 1653 4091 apostolo
1685 4026 1846 4085 scribente:

1043 4088 1113 4147 Deus
1126 4094 1231 4166 spiritus
1244 4101 1291 4151 eet.
1310 4092 1341 4151 la
1355 4096 1388 4149 t.
1403 4092 1511 4149 litter.
1525 4122 1560 4133 -
1571 4090 1619 4150 liei
1630 4094 1745 4166 spiritm.
1760 4094 1848 4153 luter·

1043 4164 1590 4293 tttiltttittt.titillo
1614 4168 1844 4309 tntilli:

1041 4307 1159 4373 appellat
1174 4274 1344 4373 uomiriibus;
1360 4315 1403 4361 est
1416 4308 1488 4363 euim
1503 4276 1610 4379 spiritue'
1622 4254 1699 4378 pauo
1712 4311 1847 4371 miraculi

1041 4372 1143 4457 elidit,
1159 4388 1187 4433 ut
1197 4394 1281 4433 sermo
1295 4376 1361 4460 liei,
1375 4378 1461 4461 ration,
1476 4393 1525 4460 seu
1537 4377 1680 4449 septetum.
1693 4398 1753 4507 sputu
1768 4384 1845 4466 venit

1042 4461 1069 4501 ut
1086 4449 1232 4515 mutrdum.
1249 4460 1277 4505 ut
1299 4448 1365 4505 miru
1388 4450 1505 4521 suipert.
1526 4448 1600 4505 ltlem
1622 4448 1702 4508 Tertu
1716 4454 1800 4511 luanus
1814 4468 1842 4513 ut

197 4520 321 4585 ieiunus.
348 4532 418 4584 msto
441 4532 538 4580 miratu
567 4523 731 4593 iliornuyuto
751 4522 778 4579 itt
803 4523 917 4591 eustati
956 4518 991 4577 ud
1043 4516 1179 4592 Apologia]
1192 4536 1251 4588 usp.
1267 4520 1300 4576 tt
1315 4537 1322 4577 ι
1340 4520 1552 4587 Quadratiana,
1567 4520 1669 4602 linquit,
1692 4522 1844 4585 Dentonem

197 4590 398 4650 Pnutumoltium
411 4602 438 4651 el
449 4593 585 4651 (lasauum
594 4593 627 4649 tle
638 4593 781 4650 Erroribus
792 4590 991 4663 armenteria-
1042 4596 1094 4653 est,
1111 4594 1155 4659 qui
1168 4602 1244 4648 talam
1259 4593 1351 4647 ritolem
1365 4593 1438 4649 istam
1451 4608 1510 4649 euru
1523 4607 1590 4646 otrtru
1611 4600 1780 4651 tintruureato
1792 4596 1843 4653 ete·

196 4665 310 4729 uerius,
325 4665 411 4735 inanit
425 4665 488 4733 ills,
500 4666 528 4719 in
540 4664 612 4721 liirm
629 4666 700 4732 cuis,
714 4675 737 4723 tt
753 4666 863 4721 inminse
879 4665 907 4721 in
920 4665 989 4735 epis-
1043 4672 1204 4729 meritorum,
1220 4679 1374 4733 carporum,
1394 4662 1531 4731 spirituum
1545 4704 1552 4729 ‚
1569 4660 1643 4717 utria
1655 4701 1664 4743 t
1677 4680 1727 4733 qno
1737 4667 1838 4736 jussit,

197 4734 257 4791 talis
270 4736 304 4792 ati
317 4734 523 4802 Butuntum,
545 4736 661 4808 Spiritus
680 4736 761 4792 cuncti
785 4736 889 4793 artuino
905 4731 1215 4809 uepatliratime.qua
1227 4736 1371 4807 disposuit,
1393 4736 1563 4802 uirtute‚qua
1590 4743 1691 4803 potuit,
1707 4737 1739 4792 de
1758 4738 1841 4795 ettilo

196 4806 376 4873 suistontiutt.
390 4807 697 4878 oterroeejudaieotlt'eit
711 4823 767 4865 eum
782 4807 865 4864 relod
878 4806 983 4861 Patrem
1036 4808 1156 4874 expressit
1169 4806 1532 4876 ittoruamutmutmajettutis
1545 4819 1606 4857 rum.
1635 4802 1669 4859 G.
1695 4806 1841 4869 Periclitor..

195 4877 535 4948 reiari,selttdl·'ilittm‚
554 4888 578 4936 ct
600 4879 829 4947 santificationis
855 4880 986 4947 mriusauc
1078 4879 1119 4952 (is)
1136 4876 1184 4933 liei
1196 4894 1278 4933 urum
1289 4886 1312 4931 et
1326 4874 1373 4931 tta
1384 4878 1547 4946 ratimnlpc
1565 4888 1705 4955 proprium
1720 4878 1779 4934 Filii
1793 4880 1841 4939 liei

196 4964 311 5019 parona
325 4951 371 5008 sui
384 4951 439 5021 eius
452 4951 552 5007 nomine
563 4950 743 5007 dmentem
755 4949 828 5008 Mem
841 4950 878 5007 tlt
891 4949 986 5007 llioro·
1040 4950 1112 5022 apud
1131 4946 1240 5008 nescu
1262 4962 1360 5005 nomen
1384 4947 1471 5004 uarias
1492 4946 1577 5028 utine
1606 4953 1842 5029 ritmrprotationee

195 5023 469 5093 nyruorepetituriu
489 5019 686 5079 commentati
711 5036 771 5091 cap.
794 5020 828 5077 tv
856 5018 988 5092 Epistol
1040 5022 1148 5085 habult.
1171 5036 1232 5079 trem
1295 5018 1388 5100 Verii,
1412 5014 1558 5099 Seriumne,
1584 5012 1712 5077 llauoms.
1736 5021 1840 5105 Latiale

195 5090 318 5149 Galatas.
333 5095 421 5160 Quare
432 5094 497 5163 auio
506 5104 535 5151 ct
546 5093 592 5150 iia
605 5092 787 5152 Tertullianus
804 5102 894 5157 erret.
908 5091 988 5149 dutu·
1040 5094 1115 5155 hisae
1129 5092 1229 5149 aoutiui
1251 5103 1448 5173 usnpromrsoue·
1461 5103 1500 5173 usi
1511 5094 1575 5145 suut
1593 5096 1698 5147 veterae
1711 5090 1842 5175 Ecclesia

196 5164 534 5226 tandumuontideretur.
555 5164 624 5223 Cain
646 5164 815 5224 temenitis
834 5163 989 5221 inlibris:
1040 5166 1093 5225 sari
1115 5174 1208 5229 tores.
1231 5170 1261 5218 ut
1284 5160 1356 5219 idem
1381 5177 1394 5215 ι
1424 5160 1573 5232 vittenreut.
1603 5156 1679 5221 Nune
1713 5163 1841 5227 tiieuuas

193 5233 316 5301 Paucae
329 5233 398 5293 titio
412 5236 542 5306 Spiritum
561 5246 684 5301 sonetum
705 5234 876 5305 sparusstae
892 5233 989 5290 distin-
1049 5179 1157 5292 Verium
1175 5234 1394 5313 interpretamur.
1436 5247 1517 5313 amr.
1629 5304 1635 5317 .

192 5315 271 5377 ruet,
287 5308 401 5379 ⁸tcrtittm
420 5308 696 5375 ammoniatam,
719 5316 744 5371 et
765 5308 866 5365 tertium
887 5322 992 5367 nomen·
1077 5307 1118 5381 (c)
1141 5304 1231 5365 Sermo
1254 5313 1380 5371 rationu,
1395 5311 1497 5360 etratto
1525 5318 1659 5361 sermome.
1682 5302 1738 5363 Cur
1756 5305 1841 5369 ὓειιιιι

228 5423 270 5498 li)
284 5423 355 5481 luter
368 5423 480 5481 erlutias
492 5424 621 5479 orationis
641 5421 784 5480 dominicae
807 5422 903 5491 dotes,
928 5424 987 5479 lima
1039 5422 1125 5479 Nemo
1138 5418 1305 5477 'tertulliano
1317 5417 1421 5475 doctius
1441 5419 1595 5505 expiatum
1609 5436 1689 5505 nemo
1704 5424 1840 5487 sanctiore

190 5488 270 5568 plane
283 5507 323 5551 est
338 5495 469 5552 mirabilis
478 5504 559 5567 utque
578 5495 687 5558 diviua,
702 5493 774 5568 quod
795 5509 857 5550 cum
879 5495 913 5550 ub
933 5495 982 5552 hu·
1034 5497 1106 5552 cultu
1117 5490 1381 5565 posterisauleudum
1394 5491 1593 5548 demonstravit.
1610 5493 1710 5549 Libello
1721 5496 1837 5569 titulum,

189 5566 336 5627 militasset
347 5568 468 5641 angustis
483 5566 619 5621 mentibus
633 5566 771 5638 rapimur,
794 5566 923 5623 sublimes
940 5566 983 5622 ni·
1035 5566 1116 5631 lecit,
1127 5566 1163 5619 lle
1175 5562 1316 5645 Oratione,
1329 5570 1381 5645 tum
1392 5563 1568 5647 excellentem
1584 5580 1662 5647 anunm
1685 5567 1837 5639 simplicem

189 5635 334 5702 hilominus
348 5645 376 5697 et
389 5636 577 5709 rapacissimas
591 5637 690 5709 explet.
706 5636 762 5694 illis
774 5637 883 5711 quidum
904 5635 983 5695 iami-
1036 5654 1096 5695 eum
1109 5634 1239 5707 siguificat
1252 5635 1424 5692 cltrrstmnum
1438 5634 1472 5691 oli
1485 5650 1544 5717 ipso
1557 5636 1602 5692 [tes
1616 5636 1684 5693 Filio
1696 5638 1834 5703 dictatum,

188 5708 261 5767 tiaris
275 5720 301 5765 et
316 5708 469 5793 quottidiana
488 5707 613 5780 praeiudi
635 5706 767 5765 lorruula.
793 5709 834 5765 tiis
851 5720 984 5783 praetereu
1036 5710 1134 5766 Preces
1144 5704 1296 5775 imperatori
1307 5706 1402 5761 dandas
1416 5707 1519 5777 concipi
1530 5707 1652 5764 solebant
1665 5707 1784 5793 adhibito
1790 5710 1842 5781 ju.

186 5780 267 5838 totius
278 5780 430 5839 ouranense
442 5778 588 5857 disciplinae
603 5780 773 5837 breuiarium.
798 5780 855 5837 lloo
868 5783 986 5841 eoelestis
1037 5778 1270 5853 risperito.Preoes
1282 5777 1315 5834 ed
1327 5776 1410 5860 Deum
1424 5788 1529 5835 nostrus
1537 5788 1686 5851 composuit
1691 5780 1835 5864 pobtsooe·

183 5851 276 5923 patim
298 5853 394 5924 pignus
412 5851 504 5910 Patres
524 5851 625 5923 antiqui
646 5853 768 5911 cetuttim
791 5854 982 5923 praedicavere.
1032 5848 1285 5924 tutismusperttus
1299 5846 1619 5909 Dominusuosterlesus
1634 5850 1833 5913 christonius.
