4084 6334
129 202 134 214 '
218 226 274 289 aaa
932 212 1164 277 rsnruennm
1645 218 1659 261 ‚e
1819 210 1877 281 gp

220 347 264 402 tiae
278 340 411 415 eiusmodi
421 338 554 399 scelerum
568 335 785 395 delitescentium
801 334 828 392 in
841 334 929 394 robis.
943 334 1015 390 llilril
1030 337 1056 397 Α
1070 335 1121 404 ris,
1137 335 1208 409 qnod
1223 350 1309 407 aeque
1320 335 1425 409 gladios
1442 350 1530 411 nequo
1549 350 1645 396 eruces
1660 352 1749 413 neqve
1767 337 1872 397 bestias

219 435 402 495 sernelevenit
425 435 452 489 in
476 432 556 488 rebus
577 431 714 497 lrumauis,
743 429 828 486 semel
856 428 935 499 plane
958 427 1018 483 erui
1070 439 1193 499 vestras,
1209 446 1261 487 non
1280 432 1384 509 ignem,
1401 448 1454 489 non
1470 442 1620 501 tormenta,
1634 433 1671 490 ob
1682 433 1825 491 duritatem
1840 446 1875 489 ae

220 540 317 604 potest.
330 530 369 586 lle
378 526 555 583 sacramentis
568 535 668 581 nostrae
677 522 815 593 religionis
826 519 1017 593 opinorinten-
1042 554 1045 567 ι
1070 533 1252 596 contemptum
1272 526 1382 594 mortis,
1395 527 1486 582 animo
1500 540 1665 583 recusemus.
1683 528 1718 583 ,ιι
1729 526 1801 582 enim
1815 526 1875 582 lame

219 626 292 691 tatis,
308 634 335 680 0¹
347 634 410 705 Sillii
425 621 498 694 italia
513 620 611 677 vestris
623 619 704 675 ellim
720 634 772 673 ¹¹⁰⁰
787 616 974 672 sacramentis.
1071 620 1159 677 omnia
1171 619 1241 691 apud
1258 620 1360 691 priores
1373 620 1543 693 majoresque
1555 631 1660 677 vestros
1671 634 1724 679 non
1734 619 1875 677 contemni

255 763 300 823 lt.
315 763 353 818 lle
364 758 597 818 obstinationibus
608 772 675 814 vero
687 755 731 814 vel
745 751 1016 827 presumptionibus,

220 855 243 913 si
258 857 319 927 qua'
329 854 497 925 proponitis,
515 867 550 908 ne
561 852 621 906 istae
633 849 740 923 quidem
755 846 789 903 ad
802 847 1018 902 corarmunionem

222 948 432 1019 comparationis
453 944 588 1001 absistunt
609 942 660 1017 (a).
683 940 773 997 Prima
793 938 938 997 obstinatio
956 945 1017 1005 est,

220 1055 281 1113 qnae
304 1037 423 1096 munda
444 1037 534 1093 abeis
555 1035 649 1107 religio
668 1033 840 1093 constituitur
859 1031 1019 1087 Caesarianam

220 1133 382 1205 majestatis,
396 1132 467 1205 quod
480 1130 623 1203 irreligiosi
635 1128 758 1187 dicamur
770 1131 797 1184 in
810 1126 948 1193 Caesares,
964 1141 1020 1183 ne-

221 1242 276 1300 que
288 1226 418 1298 imagines
429 1240 525 1283 eorum
540 1223 751 1296 repropitiando,
767 1238 854 1294 neque
865 1220 959 1293 genios
971 1220 1020 1277 de·

219 1321 334 1395 ierando
348 1322 439 1378 lanstes
451 1320 541 1391 populi
557 1332 751 1389 nuncupamur.
766 1315 805 1371 lta
819 1330 885 1371 rero
899 1314 945 1382 sit,
959 1327 1020 1368 cum

221 1432 257 1473 ex
272 1417 347 1473 vobis
362 1413 514 1471 nationibus
527 1408 649 1483 quotidie
662 1409 793 1477 cesares,
807 1418 835 1465 et
851 1404 978 1471 Parthici,
994 1414 1022 1461 et

189 1556 192 1563 .
222 1507 329 1576 biedici,
339 1516 368 1564 ει
379 1506 542 1565 Germanici.
557 1504 615 1559 lloe
628 1499 689 1558 loeo
701 1502 821 1558 nomam
833 1514 901 1573 gens
912 1497 1019 1567 viderit,

222 1602 252 1660 in
265 1603 362 1675 quibus
374 1600 510 1657 indomitae
523 1606 551 1654 et
562 1607 698 1653 extraneae
713 1594 845 1651 nationes.
863 1592 916 1649 Vos
931 1599 1021 1647 tamen

222 1694 257 1751 de
270 1693 369 1750 nostris
381 1691 509 1748 adversus
529 1700 638 1745 nostros
656 1686 827 1758 conspiratis.
843 1684 1021 1756 Agnoscimus

222 1802 288 1846 sane
319 1800 457 1843 romanam
486 1785 515 1841 in
542 1782 664 1841 Caesares
689 1781 781 1839 lldern.
807 1779 885 1837 Nulla
908 1793 1024 1848 unquam
1040 1742 1094 1824 Bd

222 1879 372 1954 conjuratio
384 1880 484 1952 erupit,
496 1878 585 1933 nullus
597 1877 624 1934 in
640 1884 734 1933 senatu
745 1873 787 1932 vel
800 1874 827 1928 ln
842 1872 947 1944 palatiis
958 1871 1025 1943 ipsis

221 1976 331 2048 sanguis
349 1974 391 2048 (l)
409 1972 630 2030 caesarianorum
647 1969 704 2025 dxiv
717 1968 773 2043 (b);
787 1967 859 2023 nulla
875 1968 902 2021 in
916 1966 1026 2037 provin-

220 2068 271 2126 ciis
284 2067 407 2123 allectata
421 2064 558 2136 majestas.
573 2062 668 2120 Adbuc
684 2060 770 2134 syriae
784 2058 944 2117 cadaverum
957 2058 1025 2115 odo·

221 2161 296 2217 ribus
307 2160 425 2228 spirant;
439 2157 528 2213 adbuc
538 2156 632 2213 Galliae
647 2154 780 2211 libodano
793 2168 844 2211 sno
856 2168 910 2209 non
922 2152 1021 2209 lauant.

221 2252 276 2310 Sed
292 2252 387 2307 omitto
400 2250 517 2308 vesaniae
529 2249 651 2315 crimina,
669 2247 731 2321 quia
745 2260 796 2303 nce
809 2246 858 2301 ista
872 2244 1024 2301 Romanum

220 2360 320 2403 nonten
335 2344 492 2398 admittens·
504 2341 636 2397 llavaitatis
647 2339 790 2411 sacrilegia
804 2339 963 2394 conveniam
975 2378 983 2403 ,
996 2343 1025 2393 et

221 2437 307 2509 ipsius
321 2434 471 2493 vernacula:
485 2435 575 2505 gentis
589 2434 795 2490 irreverentiam
812 2445 1023 2502 recognoscam,

222 2541 252 2589 ot
271 2531 382 2587 testimo
403 2527 527 2596 libellos,
542 2541 611 2600 quos
631 2536 728 2584 statuar
750 2527 840 2582 scium
858 2524 913 2598 (c),
928 2532 957 2581 et
978 2522 1024 2578 illa

222 2624 330 2695 obliqua
343 2638 534 2695 nnnrtunquam
545 2621 615 2679 dieta
628 2620 769 2677 aconcilio
778 2616 1019 2692 atquenaaledicta,

221 2732 283 2789 que
302 2716 368 2773 circi
382 2724 488 2771 sonant.
502 2714 531 2768 Si
546 2728 600 2770 nun
616 2714 714 2780 armis,
730 2713 824 2767 saltem
837 2711 928 2783 lingna
949 2724 1021 2765 sem-

222 2825 275 2882 per
288 2808 403 2867 rebelles
414 2808 490 2865 estis.
503 2805 555 2863 Sed
568 2806 654 2874 alivrd,
668 2805 776 2877 opinor,
790 2813 844 2873 est,
859 2820 912 2859 non
928 2803 1020 2874 jurare

222 2919 271 2977 per
282 2904 389 2976 genium
398 2900 523 2959 Caesaris.
543 2901 767 2957 Dubitaturenim
778 2900 936 2971 deperjuris
945 2900 1018 2971 inre,

222 3012 283 3055 enm
306 3012 340 3054 ne
363 3012 411 3067 per
433 2994 500 3053 deos
520 2993 629 3067 quidem
642 3002 792 3049 restrosex
814 2992 868 3049 ilde
876 2992 1018 3063 dejeretis.

1071 715 1162 781 modo,
1178 714 1317 772 sedetiam
1331 732 1425 789 magna
1438 714 1517 773 laude
1529 714 1637 788 pensari
1652 730 1684 773 ac
1698 716 1795 771 virtute
1804 714 1877 770 didi·

1071 820 1176 868 cerunt.
1197 808 1309 867 Gladius
1331 820 1397 881 quot
1419 820 1448 867 et
1468 819 1584 883 quantos
1600 810 1672 864 viros
1687 806 1873 865 voluntariosl

1071 907 1145 979 piget
1167 905 1306 979 prosequi.
1331 904 1426 963 Crucis
1454 920 1518 961 vero
1542 904 1689 960 novitatem
1721 915 1875 959 numerosae

1071 999 1203 1055 abstrusas
1224 990 1343 1071 liegarlris
1364 1008 1453 1055 nester
1472 996 1588 1054 libenter
1609 995 1752 1052 dedicavit.
1771 992 1876 1067 Regina

1072 1091 1181 1166 AEgypti
1197 1092 1291 1149 bestiis
1305 1092 1361 1147 suis
1376 1107 1422 1149 usa
1437 1102 1488 1149 est.
1503 1090 1581 1163 lgnes
1603 1099 1665 1164 post
1679 1076 1877 1161 mindunen-

1073 1202 1131 1244 sem
1157 1186 1282 1245 lerninam
1305 1184 1455 1241 Asdrubale
1478 1184 1575 1240 marito
1596 1182 1624 1239 in
1640 1180 1769 1239 crlrernis
1785 1180 1879 1253 patrias

1074 1282 1283 1339 constantiorem
1302 1279 1430 1335 docuerat
1451 1276 1578 1333 invadere
1599 1276 1657 1348 ipsa
1677 1274 1754 1331 bido.
1776 1272 1829 1331 Sed
1850 1281 1879 1330 et

1074 1380 1207 1429 tnrmenta
1223 1370 1320 1427 mulier
1332 1369 1421 1425 llttica
1436 1366 1554 1442 fatigavit
1570 1376 1685 1441 tyranno
1700 1380 1811 1438 negans,
1829 1378 1878 1437 po-

1073 1474 1192 1531 stremo,
1204 1478 1238 1519 ne
1261 1462 1370 1520 eederet
1383 1476 1482 1534 corpus
1499 1471 1527 1517 et
1547 1474 1649 1527 sexus,
1664 1459 1782 1529 lingnam
1798 1472 1877 1513 snam

1073 1566 1177 1629 pastam
1194 1555 1321 1628 exspuit,
1337 1564 1422 1611 totum
1436 1552 1579 1611 eradicatae
1593 1550 1772 1609 enritesstontr
1795 1550 1879 1607 mini-

1074 1650 1196 1705 sterium.
1218 1648 1271 1705 Sed
1296 1650 1395 1705 vestris
1423 1646 1473 1701 ista
1497 1644 1529 1701 ad
1552 1644 1686 1717 gloriam,
1713 1641 1812 1699 nostris
1842 1639 1879 1698 ad

1097 1743 1201 1799 uritiam
1215 1741 1358 1814 deputatis.
1371 1740 1505 1797 Destruite
1520 1754 1590 1795 nvanc
1605 1737 1717 1811 gloriam
1730 1736 1877 1807 majorum,

1078 1852 1131 1909 quo
1145 1851 1195 1893 rios
1206 1850 1313 1908 quoque
1325 1832 1481 1890 destruatis.
1494 1830 1621 1889 Contenti
1636 1834 1723 1887 estote
1733 1828 1879 1887 detrahere

1077 1930 1157 1986 etlam
1180 1928 1252 1985 laudi
1268 1937 1409 1999 parentum
1422 1926 1455 1983 ad
1473 1940 1612 1997 praesens,
1634 1940 1669 1982 ne
1688 1924 1767 1980 uobis
1788 1923 1878 1981 locum

1076 2020 1156 2080 detis.
1170 2021 1207 2077 lte
1227 2021 1268 2077 lais
1284 2020 1394 2077 lnrsitan
1407 2030 1435 2075 et
1448 2030 1596 2089 temporum
1611 2018 1726 2089 qualitas
1741 2014 1881 2073 robustio-

1076 2114 1114 2171 ris
1136 2112 1303 2185 antiquitatis
1327 2114 1448 2185 exegerit
1472 2110 1578 2184 ingenia
1602 2110 1733 2177 duriora,
1750 2118 1778 2166 at
1805 2124 1879 2166 nunc

1076 2206 1258 2278 tranquillitas
1274 2206 1347 2278 pacis
1365 2215 1394 2261 et
1412 2205 1517 2276 ingenia
1539 2203 1645 2260 mitiora
1665 2212 1693 2260 et
1706 2212 1810 2259 mentes
1826 2202 1878 2259 lao-

1076 2299 1178 2354 minutn
1192 2300 1272 2355 etiarn
1285 2298 1312 2353 iu
1330 2306 1473 2354 extranaeos
1487 2294 1559 2365 le)...
1575 2295 1657 2367 Ergo,
1671 2293 1791 2366 inqrn'tis,
1806 2300 1881 2349 vele·

1076 2380 1212 2449 ribus'vns
1228 2400 1381 2464 comparate
1394 2409 1401 2459 ;
1416 2391 1492 2447 nobis
1505 2405 1615 2447 necesse
1629 2390 1710 2446 estin
1724 2389 1801 2445 robis
1814 2388 1879 2446 odio

1077 2486 1203 2559 prosequi
1224 2485 1295 2558 quod
1312 2500 1327 2540 a
1344 2486 1423 2542 uoltis
1436 2500 1488 2540 nnn
1503 2484 1647 2555 probatur,
1660 2482 1721 2556 qnia
1735 2498 1786 2547 nec
1800 2483 1878 2541 inve·

1076 2583 1150 2638 nitur
1161 2582 1187 2637 in
1201 2581 1288 2638 uobis.
1303 2579 1473 2650 Respondete
1488 2582 1568 2651 igitur
1580 2579 1614 2635 ad
1629 2579 1747 2650 singulas
1758 2560 1877 2650 speeies.

1072 2676 1131 2734 Non
1152 2677 1247 2734 eadcru
1272 2691 1339 2733 voce
1362 2674 1484 2745 exempla
1509 2673 1638 2745 deposco.
1666 2674 1694 2729 Si
1718 2680 1877 2745 contempto

1074 2772 1177 2829 scilicet
1190 2770 1285 2827 mortis
1300 2767 1403 2840 gladius
1416 2768 1450 2825 de
1463 2767 1610 2839 majoribus
1626 2765 1728 2845 rabulas
1740 2766 1812 2833 lecit,
1825 2764 1880 2821 uti·

1072 2878 1125 2935 que
1141 2876 1193 2917 non
1207 2861 1268 2916 vitae
1281 2874 1372 2917 amore
1387 2858 1476 2929 gladie
1489 2872 1537 2913 vos
1547 2858 1580 2913 ad
1592 2857 1703 2914 lanistas
1715 2856 1873 2923 auctoratis,

1073 2954 1120 3011 sed
1140 2955 1233 3011 mortis
1248 2967 1346 3009 laomen
1366 2952 1468 3009 militiae
1481 2950 1551 3007 datis
1569 2950 1621 3023 (p).
1637 2952 1665 3031 Si
1680 2948 1786 3007 sentinae
1800 2949 1879 3005 alicui

1073 3046 1108 3103 de
1131 3046 1225 3103 bestiis
1248 3043 1349 3101 lamosa
1371 3058 1444 3100 mors
1468 3054 1527 3110 cst,
1550 3043 1640 3099 medio
1662 3045 1781 3115 quotidie
1802 3043 1877 3114 pacis

1074 3148 1171 3211 sponte
1193 3137 1275 3194 libera
1296 3137 1329 3193 ad
1347 3136 1449 3194 bestias
1470 3136 1525 3191 itis.
1540 3134 1568 3192 Si
1582 3150 1710 3203 erucem,
1726 3134 1878 3207 configendi

1074 3230 1196 3301 corporis
1215 3230 1385 3297 vrraclrinam,
1402 3228 1493 3283 nullus
1515 3226 1603 3284 adbuc
1616 3243 1649 3283 ea
1662 3227 1738 3282 vobis
1759 3225 1878 3298 liegulns

221 3088 276 3147 Sed
287 3106 339 3147 non
349 3090 464 3146 dicimus
473 3088 553 3144 denna
564 3088 754 3159 imperatorem
763 3104 770 3153 ;
780 3102 862 3159 super
874 3087 926 3145 boe
936 3090 1019 3157 enim,
1034 3083 1057 3147 C

221 3185 295 3256 quod
307 3182 386 3255 rugo
399 3184 483 3249 aiunt,
498 3196 611 3239 sanum
626 3179 737 3236 iacimus
747 3179 799 3253 (d).

257 3319 303 3376 lli.
319 3320 376 3375 lino
395 3318 441 3392 qni
461 3318 541 3376 deum
562 3320 695 3377 Caesarem
709 3318 809 3386 dicitis,
826 3329 855 3377 et
874 3320 1020 3391 deridetis,
1075 3324 1187 3397 pepigit,
1203 3332 1322 3379 attamen
1333 3324 1388 3394 jana
1405 3323 1474 3394 ignis
1489 3330 1659 3393 coratevnptus
1672 3323 1758 3379 erasit
1770 3322 1827 3394 (g),
1843 3336 1878 3379 ex

221 3410 336 3469 dicendo
346 3415 420 3485 qnnd
434 3428 486 3469 non
500 3423 561 3480 est,
575 3422 603 3469 et
617 3412 806 3481 maledicitis,
819 3414 880 3485 quia
895 3431 949 3471 nnn
965 3415 1023 3471 mlv
1074 3432 1129 3490 quo
1143 3433 1173 3473 se
1186 3416 1293 3487 quidam
1310 3417 1431 3488 proxime
1444 3412 1611 3471 vestiendum
1626 3414 1768 3471 incendiali
1784 3414 1875 3471 tunica

221 3522 282 3564 esse
303 3507 374 3578 quod
394 3508 500 3573 dicitis;
523 3510 622 3564 mavult
643 3507 716 3565 eninr
734 3509 843 3577 virere,
857 3524 938 3581 quam
954 3509 1021 3567 deus
1074 3514 1107 3568 ad
1123 3522 1226 3568 certum
1244 3524 1434 3582 usquequaque
1457 3510 1546 3565 loenm
1561 3510 1720 3565 auctoravit.
1742 3508 1771 3565 Si
1786 3508 1876 3579 llagris

221 3600 291 3658 deri.
305 3600 447 3673 Reliquum
462 3600 651 3658 obstinationis
669 3602 695 3657 in
709 3602 755 3659 illo
768 3603 885 3676 capitulo
898 3604 1017 3661 colloca·
1076 3606 1173 3662 mulier
1188 3604 1345 3671 insultavit,
1363 3601 1414 3659 boe
1427 3613 1533 3675 quoque
1548 3602 1669 3673 proxime
1685 3602 1754 3659 inter
1767 3608 1875 3658 venam·

840 3720 1033 3781 secubitus
1052 3720 1260 3781 tentativus.

252 3834 291 3903 (l)
308 3843 345 3889 tto
356 3844 428 3899 laetu
443 3837 499 3888 eod.
511 3847 557 3887 mr.
566 3836 700 3900 sanguinis.

906 3940 1188 4003 mensurantes,

223 4057 389 4118 naliciarium
410 4075 464 4117 non
484 4074 546 4117 esse
564 4067 759 4124 mercatorem,
775 4057 823 4116 sed
838 4073 1017 4131 mangonem;
1106 4058 1146 4131 (e)
1167 4058 1237 4127 Quos
1251 4066 1342 4114 statuve
1354 4056 1447 4115 minant.
1463 4057 1568 4117 Addaia
1587 4056 1809 4131 aralapponsisad
1821 4066 1879 4115 sta·

224 4130 944 4203 mairignnesenimproprienondicnnturmereatores.
957 4133 1018 4202 qnia
1074 4142 1133 4187 tuas
1148 4130 1254 4187 tabellis
1279 4130 1348 4187 lllG.

225 4202 328 4259 versalia
341 4206 429 4260 manci
449 4204 472 4258 ia
486 4219 540 4259 non
553 4212 617 4258 sum
630 4204 656 4257 ln
673 4217 763 4259 meree
777 4202 1020 4273 discernmuurque
1108 4203 1147 4275 (d)
1169 4200 1245 4269 Quam
1258 4202 1332 4274 uulgo
1354 4203 1441 4267 aiunt,
1454 4216 1562 4257 aouuom
1575 4204 1695 4275 (minens.
1705 4201 1792 4258 &aaa
1805 4199 1878 4257 dert-

223 4290 329 4331 merees
339 4292 353 4329 a
365 4220 520 4339 vernalibus,
531 4285 557 4329 ει
573 4283 731 4329 mereatosa
742 4272 876 4330 renalitils
887 4275 907 4332 l.
919 4274 940 4329 l.
953 4273 1017 4330 God.
1071 4276 1156 4331 sinnis
1177 4274 1282 4343 speeies
1304 4284 1347 4331 est
1366 4272 1520 4346 quaediebus
1534 4289 1582 4331 ore
1596 4276 1712 4331 distorto
1723 4272 1877 4343 vultuque,

223 4346 256 4400 de
271 4344 363 4402 Nand.
378 4356 402 4401 ει
415 4356 519 4425 mercat.
535 4346 666 4414 bairaima
680 4346 785 4402 venalia
800 4361 853 4402 raon
867 4346 1019 4402 reieruutnr
1072 4356 1116 4403 aut
1136 4356 1210 4401 certa
1235 4344 1379 4417 digitorum
1404 4361 1567 4405 manuumve
1587 4346 1818 4410 cvarriormatinue,
1831 4353 1879 4399 aut

222 4417 256 4472 ad
273 4433 316 4473 res
335 4418 446 4474 mobiles
462 4419 568 4488 proprie
580 4459 589 4480 ,
600 4432 661 4472 nam
683 4418 745 4474 licet
766 4433 810 4474 res
824 4417 955 4473 vendatur
966 4434 1019 4473 non
1072 4419 1153 4474 deletu
1168 4417 1299 4473 labiorum
1313 4418 1372 4473 sine
1387 4417 1441 4473 vallo
1454 4418 1553 4483 verbo,
1567 4418 1657 4475 Sanna
1673 4432 1761 4490 graece
1776 4425 1877 4484 pexos,

225 4498 314 4545 tamen
334 4488 447 4545 tmditnr
467 4490 513 4560 qni
533 4488 655 4559 exceptio
669 4490 738 4555 apud
753 4488 964 4546 iurisconsultus
978 4505 1022 4545 sn·
1072 4489 1215 4545 Adlribitas
1229 4490 1311 4547 lauisse
1334 4490 1392 4544 illas
1414 4488 1559 4545 Sannaset
1572 4490 1628 4545 oris
1649 4490 1827 4544 distorsinnes
1844 4488 1878 4543 ad

224 4559 331 4640 lenonis.
353 4559 449 4617 diercis
467 4569 556 4615 autem
571 4559 714 4631 appellatio
727 4560 762 4615 ad
782 4578 825 4616 res
845 4572 948 4617 tantum
963 4576 1021 4617 nao-
1073 4559 1284 4617 terrelactendos
1296 4562 1434 4630 plorantes
1447 4576 1545 4630 pueros
1561 4571 1634 4631 patet
1647 4577 1680 4617 ex
1695 4560 1814 4615 arnobio
1828 4557 1876 4614 lib.

225 4632 292 4687 biles
305 4634 421 4704 pertinet
435 4641 464 4687 ut
488 4630 601 4688 babetur
620 4632 650 4702 (l.
667 4630 713 4704 dg.
728 4630 762 4687 D.
776 4632 811 4687 de
830 4630 906 4689 Veri.
920 4633 1022 4705 signis.)
1073 4632 1107 4687 ll.
1124 4631 1209 4701 Usqrve
1222 4632 1320 4687 adeone
1329 4632 1543 4688 mortaleraoecali
1553 4634 1623 4687 illiue
1632 4648 1664 4687 oc
1676 4628 1879 4701 ternposiscorde

1035 4705 1175 4794 Diuerarrt
1198 4705 1271 4757 romu
1290 4744 1298 4770 ,
1314 4704 1468 4773 rationisque
1500 4720 1639 4775 asturesque
1663 4703 1761 4758 uirilius
1775 4744 1783 4768 ,
1796 4711 1823 4756 nt
1846 4700 1879 4755 nb

224 4702 264 4759 be
282 4701 331 4760 Pa.

386 4824 393 4837 .
487 4823 495 4837 .
670 4794 675 4798 ’
732 4823 738 4837 .
960 4822 967 4836 .
1004 4822 1011 4834 .
1048 4774 1195 4831 ¹acn'onib.
1211 4776 1334 4846 irrupmbis
1353 4784 1474 4847 tauquam
1496 4777 1616 4845 paruuli,
1634 4778 1773 4844 pusiones,
1787 4788 1878 4843 perso·

261 4823 301 4895 (Ω)
320 4822 362 4881 Νι
383 4832 439 4881 '⁸‘oe
451 4824 553 4895 ‘imm
564 4822 600 4877 ”d
611 4838 813 4879 ‘mmmmm
825 4832 1024 4894 ‘mimum‘
1075 4861 1167 4901 uorum
1179 4847 1411 4902 raronstruoaiasbno
1423 4847 1539 4903 loraitote
1554 4848 1641 4901 sonnis
1655 4850 1732 4901 etiurn
1747 4844 1877 4900 rurestria·

224 4893 358 4951 ‘'mun“
374 4896 532 4952 5¹⁰⁰¹¹¹¹³¹i⁰
547 4896 574 4951 ⁵¹¹
588 4905 712 4966 W'ml‘ffl
724 4896 853 4951 Vidfflfflf·
867 4899 888 4950 Α
900 4910 1021 4979 ⁰¹3¹!¹',¹¹¹¹'
1074 4928 1203 4989 gereretur,
1218 4928 1241 4973 et
1255 4918 1347 4973 meniis
1361 4919 1373 4973 l
1389 4918 1465 4974 Unde
1479 4916 1630 4973 Satrniones
1653 4917 1717 4973 dteti
1730 4916 1853 4972 laonvines
1869 4956 1877 4982 ,

224 4968 307 5093 *³⁰⁰0
330 4968 537 5053 9⁰⁰¹l³l³¹l⁰i¹¹⁸
550 4967 816 5051 ²l⁸1⁵1¹¹¹¹¹=l⁰f¹¹t¹
832 4968 868 5021 ιιι
881 4981 1022 5050 ⁸lt1l⁸¹⁵⁸0
1074 4990 1148 5045 vitan
1163 4991 1339 5060 nagrsqmn
1353 4989 1772 5046 raceansnneneruauerunt.
1787 4986 1878 5043 oenus

248 5039 565 5103 ertrrllaanunrearstnno,
581 5038 942 5094 adcomnrnmonem.Etenim
951 5050 1023 5092 amat
1075 5062 1156 5118 egam
1170 5062 1268 5118 Sam
1282 5062 1417 5134 quoddam
1430 5070 1505 5125 mg·
1521 5060 1593 5132 ΨΜ
1606 5061 1711 5116 opponi„
1725 5060 1876 5125 dicebatur,

225 5110 649 5179 ¹¹¹'j¹¹⁸⁰⁶¹¹¹⁰‘¹³⁰⁰¹⁰i⁰⁵i²⁵⁰¹¹0⁰a
664 5110 868 5166 Miwdffldum
880 5151 886 5172 ·
897 5109 1023 5165 ‘idm'
1074 5148 1135 5190 cum
1153 5149 1250 5205 nempe
1262 5132 1374 5190 oionniae
1397 5134 1495 5187 collmn
1520 5132 1643 5187 manibus
1669 5132 1828 5204 lingebatur,
1842 5130 1878 5183 de

134 5254 138 5259 .
226 5180 315 5237 “cmm
327 5182 565 5267 affiiaedefffliuff·
580 5180 629 5237 ¹¹¹⁰
644 5182 723 5254 mnus
737 5183 788 5265 ‘di’
803 5197 838 5238 ¹¹⁰
850 5181 900 5236 Μ
914 5180 1022 5251 quidem
1077 5205 1176 5263 Sannis
1189 5214 1216 5261 et
1230 5204 1409 5261 derisionibus
1432 5204 1501 5275 apud
1525 5203 1668 5275 plerusque
1687 5204 1771 5259 nauita
1783 5202 1876 5271 legas,

225 5267 285 5323 quae
304 5254 437 5323 nbpcrtrs,
450 5256 583 5310 absistunt
602 5254 854 5310 adeovvrmumonevn
881 5267 1023 5323 enurpara-
1076 5277 1146 5348 apud
1163 5278 1285 5333 Persium
1300 5277 1357 5333 Sag
1376 5276 1409 5342 1,
1425 5284 1451 5329 ep
1466 5276 1494 5332 5¹
1509 5274 1554 5331 LE
1570 5275 1624 5331 pp·

225 5329 315 5381 lintris.
330 5327 381 5380 bne
401 5335 463 5394 est,
479 5340 532 5389 uon
560 5325 708 5395 impediunt
728 5342 782 5398 qno
796 5326 885 5381 minus
902 5325 981 5380 sistat
994 5339 1024 5379 se
1112 5349 1151 5419 (ο)
1172 5346 1259 5402 ΜΝ
1277 5348 1304 5401 5„
1324 5359 1466 5402 mm
1492 5346 1552 5419 lpse
1564 5349 1589 5401 ὴ,
1605 5346 1783 5419 Ammoneo
1798 5342 1878 5401 cmg
1912 5414 1921 5425 ι

224 5394 413 5453 ²⁶⁰⁰m¹¹¹⁰¹¹i⁰
426 5398 644 5468 ⁰⁰¹⁰p²¹⁸³¹i⁰¹¹i⁵·
659 5397 727 5454 fflG·
1074 5420 1178 5475 stianus
1190 5428 1217 5473 et
1232 5416 1406 5474 entra'lidelis
1420 5428 1539 5474 vereatur.
1558 5418 1625 5475 talu.
1726 5462 1737 5483 .

260 5487 353 5573 (1¹in
360 5491 387 5545 in
398 5491 501 5556 palmite
508 5493 581 5563 ipsis.
594 5492 778 5549 Romanorum
791 5492 980 5549 crudelitatem
992 5490 1018 5545 in
1111 5492 1144 5562 (l)
1165 5488 1218 5545 Sed
1231 5490 1318 5544 nrortir
1330 5506 1420 5546 aoraton
1439 5489 1538 5547 nailitioe
1552 5490 1630 5547 darie.
1648 5490 1750 5562 Nempe
1761 5486 1880 5547 armido-

225 5574 289 5644 suns
303 5571 477 5630 amperatnres
489 5568 597 5633 arguit,
612 5565 695 5635 quiin
709 5566 798 5635 regia,
814 5564 841 5619 in
856 5564 978 5633 palatiis,
992 5562 1019 5617 in
1072 5573 1162 5618 stores
1177 5571 1206 5617 et
1226 5568 1239 5617 ὁ
1264 5566 1464 5625 πιοδιδιειιιοις
1492 5564 1635 5635 appellatis
1651 5564 1781 5631 larristas,
1796 5562 1879 5617 ducto

225 5647 285 5701 apso
310 5634 411 5689 Senatu
437 5633 578 5705 Principes
602 5636 817 5692 eorrlodlebant:
841 5650 903 5691 cum
929 5644 1019 5689 tannen
1073 5634 1380 5689 delanievmvooabnlo.
1395 5634 1480 5690 ldena.

224 5704 297 5786 nulla
312 5719 397 5775 neque
408 5706 532 5762 sedition
550 5705 705 5760 christianis
722 5708 913 5775 concitaretur,
933 5720 1021 5779 neque
1109 5704 1148 5777 (g)
1170 5702 1268 5764 Evasit.
1283 5705 1410 5775 Exarsit,
1424 5721 1528 5781 perque
1541 5707 1630 5765 omnia
1644 5706 1769 5765 membra
1793 5717 1867 5763 evan

224 5788 434 5847 nonuunquam
447 5778 529 5834 rebus
541 5773 651 5834 studere
661 5776 711 5834 visi
722 5776 831 5834 luerint.
845 5778 891 5838 bb
909 5777 965 5838 att.
1073 5780 1256 5836 concremata.
1273 5776 1360 5836 ldem.
