4084 6334
147 328 204 393 mn
702 322 978 385 numentanos.
998 293 1214 388 osannam.
1747 332 1800 397 rm

150 451 190 509 lie
201 449 286 508 Paulo
298 444 430 519 siquidem
444 444 556 518 ejusque
568 442 650 501 sociis
665 442 693 500 in
709 442 819 501 hetibns
831 445 947 515 Aposto-¹
958 445 986 508 A
998 454 1151 503 momatur:
1162 446 1641 521 Codeoiuquoirtmtetiptoitquatur,
1652 448 1801 509 inorma'tio
1859 446 1881 473 “·

150 543 240 599 iorum
255 540 396 597 mentoriae
414 537 549 609 proditum
563 545 628 595 aa:
645 536 690 592 iiii
703 554 760 592 tero
775 546 950 607 patronatus·
1001 539 1096 594 iudai
1106 538 1208 595 itabant.
1228 538 1352 596 inimicus
1365 556 1434 596 metu
1448 542 1518 597 restit
1528 550 1575 599 att.
1587 542 1625 597 ab
1638 543 1694 614 ipro
1704 560 1799 613 quere,

151 646 189 693 tet
203 635 315 709 Perpau,
326 640 493 705 mnarum
503 619 664 687 Aratiorhiam
678 629 795 697 Platae,
808 630 951 701 etinqttaai
1000 633 1083 703 aperi,
1097 634 1161 705 ieqt,
1172 632 1246 689 crede
1264 634 1413 707 (Aequitio.
1433 633 1551 707 Appead.
1575 645 1636 691 tour.
1653 636 1720 692 vltl.
1740 636 1798 692 iibr.

151 731 317 804 Synaqogom
337 728 381 783 die
398 725 571 791 sabbatorum,
585 726 714 780 aederunt.
732 722 797 778 Post
819 723 951 777 irationem
1000 726 1323 797 contaminabantur.
1339 726 1366 782 7.
1379 744 1404 795 p.
1421 727 1461 800 ii).
1477 726 1558 793 Tales
1569 742 1635 799 ergo
1653 728 1703 785 hos
1716 727 1801 786 libros

150 832 235 876 aurem
246 818 323 890 Legit
335 826 360 874 et
371 816 565 889 Prophetarum
577 815 678 871 Partim
694 813 845 870 Judaeum
859 821 951 884 tapam
1001 819 1147 876 Christiani
1163 820 1323 884 babuerunt,
1340 818 1495 890 qraicssibi
1510 818 1635 875 aiudmis
1649 821 1801 878 transmissi
1907 818 1909 821 ’

149 928 291 969 maronem
306 911 341 965 oti
355 926 399 966 eoa
417 909 506 965 babuit
529 909 599 982 (det.
625 908 717 981 apaan
743 924 802 979 cap.
818 906 889 964 lllll.
903 908 950 964 li.
1001 912 1117 969 inerant.
1133 910 1204 967 llihil
1219 912 1290 967 enim
1307 911 1332 965 in
1345 925 1438 968 eorum
1451 919 1524 968 textu
1538 911 1683 983 quidquam
1704 912 1802 968 immu-

150 1012 174 1061 et
186 1003 280 1076 seqq).
291 1003 357 1059 Post
370 1001 430 1059 haee
442 1016 520 1067 reru,
528 1000 587 1057 hae
601 1000 701 1057 ibidem
716 999 812 1055 litteris
825 998 950 1053 unarrdata
1001 1012 1061 1061 mre
1070 1013 1203 1076 poterant,
1215 1005 1279 1076 quin
1290 1019 1304 1058 a
1314 1003 1433 1071 iudaeis,
1456 1003 1563 1062 iilnrum
1577 1005 1701 1070 inimicis,
1713 1012 1741 1061 et
1752 1020 1801 1063 erus

150 1097 271 1165 insanies
282 1114 290 1152 ε
300 1095 405 1167 linquet
416 1110 433 1149 a
446 1092 602 1167 temporibus
615 1092 729 1164 enimait
741 1093 815 1147 babet
827 1094 854 1147 ia
866 1093 952 1165 cinqu-
1000 1096 1122 1169 quotidie
1143 1096 1293 1169 legentibus
1306 1138 1312 1163 ,
1328 1096 1385 1153 laisi
1401 1093 1543 1152 confestim
1565 1097 1799 1154 continceremur.

151 1188 184 1245 iis
195 1189 350 1256 ciuitatibus,
363 1188 409 1257 qui
421 1202 480 1245 mm
492 1186 630 1259 meditem
644 1187 673 1241 ia
686 1187 835 1259 tqauqoqia,
849 1186 893 1240 nii
906 1202 952 1257 pet
1001 1192 1068 1258 Quae
1082 1198 1172 1246 aulem
1184 1198 1319 1261 quantave
1332 1189 1368 1244 sit
1381 1188 1487 1244 illorum
1498 1186 1659 1256 auctoritas,
1670 1190 1726 1261 jam
1739 1204 1802 1247 orum

150 1297 225 1338 omae
245 1280 378 1337 radiatum
398 1279 492 1351 iegitur
506 1277 586 1351 (ibid.
608 1295 666 1351 top.
687 1277 749 1335 XV.
774 1278 835 1350 et).
858 1280 893 1333 tlt
923 1277 952 1335 id
1002 1282 1168 1339 Tertulliano
1181 1293 1274 1339 nostru
1285 1282 1486 1354 investigemus.

151 1382 226 1431 corte
242 1373 299 1429 lteri
321 1387 376 1429 uorr
391 1371 495 1442 patuit,
510 1374 574 1443 quin
593 1380 672 1428 antea
694 1369 783 1427 iudaei
806 1369 951 1429 habuerint

151 1464 202 1521 hos
215 1465 336 1531 endieee,
352 1472 383 1520 et
393 1464 538 1520 rnnaxtuarn
552 1465 579 1519 in
593 1464 625 1519 iis
638 1465 801 1535 incorruptis
814 1473 895 1537 atque
908 1464 951 1521 in·

149 1557 305 1629 tegerrimis
317 1555 511 1616 eonsemarrdis
523 1570 620 1613 euram
633 1556 824 1627 impenderim.

151 1701 155 1713 ,
185 1646 255 1716 Quid
277 1660 343 1703 uero
363 1647 434 1715 sibi,
450 1647 565 1718 inquies,
588 1648 646 1703 uuit
666 1648 867 1718 Tertullianus,
888 1666 951 1707 eum

152 1741 220 1799 dixit
242 1740 342 1798 iudeis
362 1740 519 1813 vectigalem
542 1740 627 1799 luisse
646 1752 733 1799 eoetus
754 1758 819 1801 sum
838 1744 952 1817 sirrgulis

151 1834 270 1892 sabbatis
282 1834 392 1905 mendi,
401 1842 431 1891 et
441 1834 524 1891 libros
533 1836 770 1909 suasibilegendi,
784 1838 952 1894 libertatem?
965 1845 990 1906 Β

151 1930 265 2001 Quidam
280 1939 371 1988 aulem
384 1929 541 1986 existimant
554 1929 596 1986 his
609 1930 701 1987 uerbis
714 1931 850 2002 designari
866 1932 951 1989 laeui·
1041 1934 1178 1993 Summam
1199 1950 1284 1993 saorra
1296 1935 1444 2007 Scriptura
1457 1935 1644 1993 auctoritatem
1657 1936 1803 1995 Tertullia-

152 2031 236 2094 tttsm
256 2022 295 2080 eia
316 2020 522 2094 aPhiiadeipho
541 2024 814 2088 macessnnmnoon
834 2040 953 2081 annuum
1004 2028 1157 2100 ansdupiioi
1169 2036 1326 2101 argumento
1336 2038 1428 2100 aperte
1445 2030 1572 2086 rinadioat.
1583 2030 1703 2087 Primum
1713 2040 1803 2088 atatem

151 2115 266 2185 reedgoi
278 2107 417 2171 modicum
426 2114 574 2171 solverent.
591 2114 647 2171 Sed
656 2130 712 2187 que
723 2126 882 2187 argumento
890 2130 954 2189 pro·
1004 2122 1072 2193 petit
1083 2136 1116 2177 ex
1133 2122 1249 2177 maxima
1268 2120 1327 2192 eius
1341 2121 1512 2191 antiquitate,
1527 2120 1562 2179 de
1576 2136 1628 2195 qua
1642 2138 1692 2179 uos
1706 2124 1804 2194 sapius

152 2207 260 2267 habitur
276 2207 349 2265 iilud
374 2206 486 2278 uectigal
513 2217 637 2265 exactum
660 2222 676 2260 a
700 2207 954 2281 Philadelpho,qui
1004 2215 1177 2287 insuperiori
1199 2222 1343 2287 apparatus
1361 2217 1445 2273 nostri
1467 2216 1720 2273 tomotseouudum
1741 2232 1805 2274 tero

153 2301 221 2358 tanti
245 2300 360 2359 iaciebat
379 2315 473 2357 meros
493 2294 602 2358 Veteris
624 2298 790 2358 Testamenti
805 2300 955 2368 iihros,ac
1004 2323 1038 2363 ex
1062 2308 1132 2365 iliius
1150 2307 1303 2375 divinitate,
1332 2308 1391 2363 sive
1416 2324 1449 2365 ex
1472 2308 1564 2364 diuino
1584 2308 1703 2379 Spiritu,
1727 2308 1805 2380 cnjus

151 2395 259 2453 biblum
294 2396 457 2467 illidium&
488 2394 567 2451 d⁰¹¹i⁸
599 2395 725 2451 dimidii
753 2394 955 2462 causaremur
1005 2398 1583 2472 aidutunmnesejnslibrilitterismaudati
1597 2400 1805 2457 luctantium

93 2562 98 2569 .
153 2489 237 2561 longe
255 2490 345 2561 itaque
365 2488 538 2545 verisimilius
551 2488 613 2544 aiiis
635 2488 741 2546 uidetur
760 2488 955 2547 aTertuiliano
1005 2502 1095 2551 antem
1115 2504 1301 2567 argumentum
1322 2510 1355 2549 en
1378 2494 1512 2551 lubentius
1532 2494 1661 2550 aduersus
1682 2494 1806 2551 ellinicos

152 2581 277 2639 denotari
290 2580 438 2650 tributum,
452 2581 525 2653 equod
537 2582 653 2637 Romani
667 2584 844 2655 imperatores
855 2582 955 2641 tudela
1005 2596 1093 2659 urget,
1106 2588 1189 2658 qaod,
1206 2586 1277 2644 iliius
1292 2588 1347 2643 nim
1366 2596 1393 2643 et
1413 2587 1517 2659 pondus
1538 2594 1731 2657 agnoscentes,
1743 2584 1806 2641 inde

153 2672 324 2741 indixerant,
337 2681 368 2729 ut
378 2674 420 2729 eis
439 2688 516 2731 more
527 2674 606 2729 solito
617 2675 731 2747 singulis
748 2675 868 2732 sabbatio
882 2690 954 2733 eua-
1005 2670 1163 2751 religionem
1177 2694 1269 2747 satam,
1288 2679 1473 2751 quamtumvis
1487 2677 1600 2743 laisan,
1615 2679 1682 2734 trieri
1695 2692 1727 2733 ae
1741 2692 1806 2743 corr·

151 2766 259 2837 gregori
278 2765 380 2822 liceret.
395 2765 509 2834 Quidam
530 2781 597 2823 nero
611 2776 706 2838 purant
727 2767 762 2823 do
781 2766 835 2824 hoe
854 2767 955 2825 tributo
1005 2771 1115 2829 iirmare
1127 2772 1303 2829 conabantur.
1318 2770 1373 2828 Eas
1384 2770 1456 2827 enim
1469 2784 1564 2826 omues
1575 2769 1617 2825 his
1628 2770 1674 2827 iile
1685 2770 1805 2841 compel-

153 2855 398 2927 inrubqeaoaesse
418 2857 494 2928 utare
518 2856 696 2923 suetamque
709 2858 956 2930 iiomitiauoimpe·
1007 2864 1046 2920 iat
1068 2866 1158 2922 uerbis
1175 2865 1272 2935 :Apud
1297 2880 1340 2920 rot
1362 2862 1492 2934 ttiiqioaia
1516 2870 1552 2917 etl
1576 2862 1659 2917 irtttor
1679 2861 1757 2932 fidem
1774 2860 1807 2917 de
1864 2870 1866 2876 '

155 2958 247 3007 mole
258 2949 380 3021 bdellii·
393 2949 476 3006 velih
487 2960 498 3003 t
510 2947 609 3005 ΡΜ
621 2948 864 3006 coeurdtitlim'm
877 2951 955 3020 iim
1006 2946 1162 3029 lentioribus
1184 2958 1303 3013 adterere
1326 2955 1492 3031 (Tetradion.
1507 2956 1641 3027 Apoioqct.
1656 2972 1715 3027 cop.
1741 2952 1805 3024 tlt),

153 3042 391 3102 ⁰⁶³5&de
400 3051 448 3111 αἱ,
462 3042 902 3126 wilssmiiimilbiblrutitdti
915 3044 956 3098 dli
1006 3050 1033 3106 id
1055 3061 1118 3119 est,
1141 3051 1298 3123 religionem
1328 3057 1462 3115 vestram,
1482 3047 1667 3120 falsorumque
1694 3047 1806 3104 deorum

153 3136 264 3208 profati
287 3133 427 3190 iudaicam
439 3134 509 3190 iutra
522 3136 609 3191 urbem
622 3136 733 3191 riemanr
742 3136 832 3203 atam,
847 3135 885 3191 oei
899 3136 955 3191 dit·
1006 3142 1107 3197 cultum
1124 3141 1183 3217 ejuq
1210 3142 1369 3213 antiquitate
1382 3156 1550 3214 propugnare
1564 3140 1738 3219 contenditis.

153 3228 278 3287 auriota
290 3230 407 3302 origine,
421 3230 544 3300 imperito
562 3229 739 3301 qemirriiuta
751 3245 804 3285 non
819 3230 991 3301 pependit-c
1043 3234 1124 3306 Atqui
1143 3235 1164 3289 si
1180 3235 1308 3291 momenti
1325 3232 1440 3305 aiicujus
1460 3234 1497 3291 sit
1515 3232 1573 3289 haee
1591 3234 1675 3300 ratio,
1690 3247 1744 3289 nort
1759 3248 1807 3303 pn·

153 3321 397 3394 trutmannia.
411 3322 480 3379 lllll.
503 3324 531 3376 ia
555 3302 724 3377 tutabamur.
742 3320 758 3394 5
773 3322 831 3391 lit.
857 3324 894 3379 at
917 3322 955 3378 ibi
1006 3326 1082 3381 testis
1094 3324 1239 3395 Scriptutis
1258 3326 1358 3381 nostris
1378 3324 1509 3395 derogare
1529 3323 1618 3380 iidem.
1636 3324 1703 3379 Nara
1718 3324 1804 3388 uulua,

156 3413 289 3485 sigtrilicat
299 3413 415 3481 bradeia,
430 3423 459 3469 ut
473 3413 586 3469 liberam
598 3422 747 3471 motusue
760 3412 954 3485 pruiessiouem
1006 3417 1093 3488 inquit
1105 3415 1293 3483 Tertullianus,
1310 3417 1442 3489 propinem
1454 3416 1577 3472 ttriaimu
1589 3417 1654 3485 (hoe
1678 3424 1730 3481 est,
1745 3416 1807 3473 libri

152 3505 317 3562 redimerent
328 3547 337 3573 ,
349 3505 508 3563 soluendum
528 3505 637 3577 quidem
657 3508 786 3563 tributum
799 3550 808 3575 ,
819 3506 867 3564 sed
882 3506 954 3579 qaod
1005 3508 1117 3583 lioysis)
1133 3510 1235 3566 taeniis
1248 3510 1325 3588 uitroit
1339 3526 1425 3566 nutura
1440 3511 1594 3566 substantioe
1613 3519 1636 3565 tt
1650 3510 1805 3579 ntatmiut...
1856 3526 1860 3533 ·

152 3606 262 3655 auctum
282 3606 345 3653 tunc
366 3599 456 3670 potius
468 3597 574 3663 luerat,
590 3612 670 3668 quam
686 3597 774 3668 priano
787 3598 954 3669 impositum.
1005 3602 1129 3674 cujusque
1140 3603 1251 3657 naamani
1262 3604 1324 3673 tagii
1334 3602 1408 3658 teuta·
1418 3600 1523 3673 (ibid),
1533 3616 1580 3659 seu
1591 3602 1806 3661 omnesomniuo

153 3691 222 3749 Nam
237 3692 265 3748 iu
280 3692 374 3749 biennis
387 3691 513 3763 Epitome
527 3689 681 3761 xiphilinus
691 3700 785 3747 narrat
800 3690 890 3747 Titum
904 3690 955 3748 im·
1005 3695 1248 3751 commentationes
1260 3704 1380 3763 vestras,
1394 3710 1541 3767 sarnumque
1554 3704 1721 3768 argumenta.
1736 3696 1806 3765 Quia

154 3793 307 3858 potatorem
335 3793 398 3857 pust
417 3792 522 3855 captam
548 3784 762 3857 hierosolymam
786 3784 902 3856 jussisse
926 3793 955 3842 ut
999 3786 1087 3843 etiam
1101 3796 1209 3859 supetat
1232 3787 1352 3858 oriqiues,
1373 3786 1468 3859 inquit,
1482 3788 1539 3845 siue
1556 3786 1629 3844 initia
1643 3797 1671 3845 et
1684 3804 1804 3857 sarissas,

155 3878 260 3945 iudaei,
287 3878 333 3951 qui
356 3879 456 3950 patrias
480 3878 553 3951 leges
575 3878 789 3951 prolabebantur,
812 3881 956 3953 quntauuis
1006 3880 1108 3937 ordinet
1127 3890 1152 3935 tt
1170 3896 1262 3945 uenat,
1277 3880 1334 3937 sine
1355 3889 1460 3937 meatus
1472 3889 1500 3937 et
1513 3881 1641 3949 canales,
1656 3882 1753 3953 quibus
1772 3881 1806 3938 ad
1848 3922 1851 3927 ,

151 3970 322 4043 didragmam
344 3971 402 4029 iani
416 3971 569 4043 Capitolino
591 3972 740 4043 penderent
751 3971 867 4044 (liutai.
882 3972 954 4045 Epio.
1006 3988 1055 4031 uos
1069 3990 1154 4047 usque
1167 3982 1356 4046 peruenerunt.

153 4062 233 4119 Dion.
261 4065 288 4119 ia
318 4063 368 4119 lit.
399 4063 547 4135 Vespasium
572 4081 634 4143 paq.
653 4065 733 4137 bib).
758 4065 843 4123 Tisna
868 4081 955 4137 greca
1043 4069 1177 4126 Praeterea
1199 4078 1332 4127 tetrtstnte
1353 4084 1401 4125 sna
1422 4070 1689 4142 anteceduntgentes
1702 4070 1805 4143 ploras·

1299 1413 1444 1455 tuttcuults
1462 1414 1499 1455 Ν.

1004 1519 1137 1588 Quorrrado
1151 1520 1323 1579 Tettaiiiauua
1337 1538 1418 1577 tacta
1428 1521 1571 1594 Scriptura
1584 1523 1759 1579 ouomrilulcat
1772 1540 1803 1579 es

1038 1615 1152 1671 uranium
1171 1616 1228 1687 ejus
1242 1616 1394 1683 antiquitate
1410 1616 1564 1672 danrortttrtt
1577 1654 1585 1683 ,
1599 1632 1658 1684 quar
1671 1616 1722 1673 ritui
1743 1616 1805 1672 trab·

1038 1708 1139 1763 stantia
1152 1717 1176 1763 et
1190 1708 1302 1764 taotetia·
1315 1708 1425 1763 eetmuai
1437 1709 1506 1781 aqu,
1520 1709 1593 1765 utbts
1602 1709 1713 1783 iaaiqntt
1725 1709 1804 1766 hitto·

1039 1801 1148 1867 tiorutrr,
1165 1810 1189 1857 et
1202 1802 1261 1856 catti
1273 1804 1464 1858 mutatoriorum.

152 4154 225 4213 iilius
237 4156 317 4212 rerba
330 4156 442 4213 audirei
458 4156 498 4212 iia
511 4158 568 4229 ipsa
592 4166 676 4214 satur
691 4162 745 4215 ιιι)
764 4160 807 4215 ἀπ’
819 4168 905 4215 uttan
919 4165 956 4216 bt·
1006 4178 1078 4235 que,
1094 4176 1155 4234 qum
1177 4170 1269 4233 postea
1290 4172 1358 4218 ortae
1377 4173 1459 4230 strant,
1476 4172 1499 4217 et
1511 4164 1584 4219 urbes
1598 4164 1709 4235 intiqrrot
1727 4163 1807 4218 hitto·
1901 4172 1904 4178 “

153 4254 256 4323 bpaqpat
274 4258 364 4321 iaqun
381 4254 438 4314 tube
456 4257 491 4309 ab
509 4261 603 4325 κόψε
623 4258 750 4316 adtonita
764 4263 955 4327 reparabilem,
1005 4257 1115 4326 metuar,
1131 4266 1154 4313 ct
1167 4273 1244 4312 taum
1257 4258 1448 4312 aleatoriarum.
1463 4256 1499 4313 ha
1516 4256 1542 4311 iu
1554 4257 1655 4312 nastris
1668 4255 1807 4318 codicibus

152 4356 188 4414 tq
199 4350 346 4415 anatramp
358 4354 399 4400 oo
408 4345 464 4399 ω’
480 4352 532 4406 ttae
544 4348 680 4416 damtuna
1006 4350 1197 4421 manuscriptis
1209 4357 1237 4406 et
1254 4340 1448 4421 antiquioribus
1462 4348 1625 4405 editionibus
1638 4391 1646 4416 ,
1661 4348 1712 4403 taisi
1734 4348 1806 4420 qnod

149 4492 154 4501 ,
190 4435 232 4492 dd
245 4433 311 4495 iilud
325 4450 405 4504 porro
419 4436 549 4491 tributum
564 4444 658 4506 putant
678 4435 722 4495 his
734 4435 891 4496 iuvenalem
912 4440 955 4496 ai·
1006 4458 1056 4514 pro
1070 4441 1190 4497 maaria
1210 4443 1250 4498 eis
1269 4443 1399 4513 seriptum
1417 4450 1574 4499 astronom.
1590 4442 1721 4513 liigaitius
1742 4458 1807 4499 tero

153 4524 407 4585 lusissetersibus:
844 4566 848 4574 ·
1005 4551 1085 4607 quera
1118 4534 1161 4591 alii
1192 4534 1321 4605 deinceps
1349 4535 1434 4608 secuti
1452 4545 1532 4603 sunt,
1560 4536 1669 4591 retinuit
1698 4534 1805 4607 quidum

151 4682 155 4695 .
229 4638 709 4704 hunesaerllmutsaemnqetoeluum
720 4646 831 4701 mmm·
965 4628 1267 4695 Dnnmeucanoa,sed
1281 4628 1444 4685 anteoedeus
1458 4630 1623 4685 historiarum
1636 4629 1754 4700 propria,
1767 4626 1807 4683 nti
1853 4658 1863 4681 e

228 4701 331 4817 {fdaejst
342 4717 447 4779 (imm
455 4706 574 4769 wlfinus
583 4706 725 4772 ianuaque
735 4712 859 4787 sandica.
1007 4722 1122 4789 videtur,
1136 4721 1236 4779 deleuit
1248 4722 1417 4780 auctoritate.
1430 4722 1534 4779 Nullam
1547 4724 1619 4780 etnim
1633 4738 1684 4779 nee
1698 4721 1742 4778 iiie
1757 4736 1807 4778 neo

253 4780 316 4818 mus
325 4780 392 4818 entra
404 4768 493 4831 poqmio
505 4770 647 4819 intercedent
659 4772 771 4834 pendere
780 4788 847 4836 quasa
859 4780 899 4827 esl

230 4831 356 4893 arborum
366 4832 453 4894 ejectis
463 4831 663 4895 mendicusylta
673 4836 798 4886 rammam,
1008 4815 1052 4870 aiii
1065 4814 1198 4870 dederuut
1216 4814 1295 4887 hujus
1308 4814 1463 4871 omissionis
1477 4814 1618 4873 rationem.
1638 4814 1694 4871 Sed
1709 4814 1734 4869 in
1748 4815 1807 4869 aui·

448 4892 574 4961 (amarat.
586 4893 656 4948 satit.
668 4893 692 4947 ³·
706 4910 728 4949 i·
748 4900 786 4952 ¹3·
798 4900 910 4969 uteqq.)
1008 4923 1082 4964 mum
1106 4906 1176 4963 irattd
1196 4904 1277 4964 drrhic
1296 4908 1460 4964 itnduterunt
1483 4907 1723 4979 ibi-grauissimum
1746 4924 1806 4963 csse

153 4998 239 5070 Recte
256 5016 323 5073 ergo
343 5001 402 5059 brea
423 5002 620 5061 aTettuiliano
643 5004 794 5076 appellatur
825 5007 957 5080 oetdqaiit
1010 5000 1139 5058 aduersus
1164 4992 1473 5073 gmmmalieae'regulas
1499 5009 1655 5074 sulpeum,
1684 5002 1807 5059 ubisub·

154 5090 267 5156 marat,
283 5094 411 5165 quianon
423 5104 561 5167 poteraut,
576 5096 629 5152 uisi
641 5097 732 5153 soluto
745 5099 953 5169 priustrihuto‚
1008 5096 1152 5153 stantiunm
1176 5111 1273 5153 rronnen
1297 5110 1346 5167 pro
1363 5096 1510 5167 adjectivo,
1525 5106 1553 5152 et
1574 5096 1733 5167 adjectivum
1757 5110 1806 5167 pto

153 5198 251 5256 tegere
273 5201 336 5242 sutas
355 5203 471 5261 synaxes
483 5230 490 5255 ,
503 5198 532 5246 et
550 5190 577 5245 ia
599 5191 744 5263 synagogis
764 5191 842 5257 suis,
856 5193 956 5265 ubique
1005 5188 1175 5245 srtlutamiro
1194 5188 1312 5260 ponitur.
1335 5187 1388 5244 Sed
1410 5202 1500 5244 inorme
1518 5188 1674 5259 graecismus
1692 5196 1733 5245 est
1752 5202 1806 5243 noa

148 5277 519 5349 ¹dispersis,accuratissime
532 5294 708 5340 conservatos
721 5300 812 5341 saeros
829 5299 954 5341 suesco·
1006 5281 1090 5339 sernel
1111 5297 1127 5337 a
1152 5281 1273 5337 melioris
1295 5274 1436 5335 latinitatis
1459 5278 1614 5335 auctoribus
1638 5280 1806 5349 usurpatusi

103 5375 110 5387 ⁴
153 5371 230 5427 dices
241 5370 328 5441 palam
341 5371 472 5429 lectitare.
486 5375 528 5430 hh
538 5370 582 5433 his
597 5378 688 5448 itaque
701 5376 819 5443 iudaeis,
831 5378 955 5435 inieusis-
1004 5376 1101 5435 Nuuue
1124 5379 1196 5434 enim
1217 5375 1343 5433 llatatius
1357 5374 1424 5430 dixit
1439 5391 1446 5428 τ
1461 5372 1566 5446 laboqer
1577 5375 1638 5429 aitte
1655 5372 1806 5444 acrimiaque

153 5464 230 5535 simis
241 5462 299 5521 suis
309 5464 592 5531 hastihru,Christiani
605 5482 765 5540 aeecperaut
776 5469 837 5528 illos
848 5469 952 5529 Veteris
1005 5487 1094 5542 purat.
1107 5464 1438 5539 Scasasitaquohuotoris
1450 5466 1597 5531 nostriset,
1608 5464 1806 5523 liebroaoscsse

153 5557 319 5615 Testamenti
337 5557 462 5622 codices,
477 5557 513 5614 de
532 5574 646 5631 quorum
667 5563 781 5620 ueritate
797 5574 824 5620 et
843 5564 953 5635 iruegri-
1005 5564 1166 5621 uetustiores
1180 5562 1311 5629 urbibus,
1324 5575 1383 5633 quaa
1403 5559 1522 5631 insignes
1540 5566 1617 5615 etant
1640 5556 1807 5613 ilistoriarum

154 5660 211 5707 sate
222 5664 304 5707 tremo
316 5650 375 5705 sani
388 5650 483 5720 eapitis
496 5649 578 5707 homo
587 5668 703 5725 uuquam
717 5654 861 5713 dubitabit.
867 5654 950 5721 ¹iiam,
1004 5657 1195 5721 monumentis,
1209 5667 1236 5712 et
1246 5644 1483 5721 oanisnnemoriis,
1495 5652 1581 5721 idest,
1592 5648 1807 5717 commentariis,

154 5753 184 5801 ¹¹¹
196 5741 325 5813 mihim
336 5741 398 5799 filiii
411 5752 501 5797 tobim
520 5745 629 5815 quiaque
641 5746 767 5813 heram,
782 5749 848 5805 olim
859 5749 953 5819 dugu-
1003 5766 1064 5819 qum
1078 5748 1180 5805 canitie.
1189 5762 1237 5805 sua
1249 5755 1277 5803 et
1291 5754 1424 5803 uetustate
1438 5744 1568 5817 originem
1588 5743 1695 5799 catoris
1718 5741 1806 5797 omui·

153 5836 225 5899 atino
238 5835 378 5908 adstripti,
392 5846 486 5893 auctor
504 5845 579 5894 recte
597 5837 724 5898 advorsus
735 5841 861 5901 ethnicos
877 5857 953 5916 arga·
1002 5842 1055 5902 bus
1064 5840 1241 5913 antiquiorem
1251 5852 1342 5913 praese
1352 5836 1484 5897 serebant.
1496 5834 1628 5895 Sieetiam
1639 5832 1805 5909 Theophilus
