4084 6334
205 294 260 353 tila
915 282 1147 346 mummium
1802 280 1857 341 ddd

207 412 350 467 inhoneste
361 408 515 475 institutos;
529 414 621 463 contra
634 403 770 473 incestos,
784 402 933 470 adulteros,
942 417 1005 474 rap·
1017 402 1044 462 Α
1056 398 1121 457 dant
1130 396 1282 470 probationi
1295 410 1367 457 rere
1380 396 1547 466 diuinitatis,
1577 402 1678 469 quanto
1692 394 1777 468 magia
1789 395 1854 466 isti,

210 516 293 571 tores,
306 502 453 575 parricidas
467 502 547 558 etiarn
560 498 664 572 legibus
673 496 840 557 exserendis.
851 497 1005 555 Ridendum
1057 508 1125 564 quos
1138 506 1174 549 ne
1187 492 1238 561 ipsi
1252 490 1361 564 quidem
1372 490 1523 561 municipes
1535 490 1577 547 aul
1587 488 1781 579 nomntlliam
1793 504 1859 561 pua

209 594 426 654 renascendum
441 596 494 661 sit,
507 593 576 651 taius
589 591 656 650 deus
668 592 742 649 credi
752 634 760 661 ,
772 592 868 665 quales
880 590 1006 649 bomioes
1057 587 1152 643 idonea
1170 584 1316 641 auctoritas
1339 584 1516 655 praecucurrit
1536 580 1670 654 ejusmodi
1692 580 1854 651 theologie,

208 703 334 747 essenon
344 682 483 746 debeant!
500 684 554 746 Sed
566 686 639 744 etaim
657 686 685 742 in
698 686 752 742 isto
766 684 1004 761 mptbicopenerc,
1058 691 1139 750 ouant
1152 678 1233 736 caiam
1247 677 1319 733 lama
1331 676 1475 735 destituit‘i
1496 675 1595 745 Quanti
1606 683 1685 743 sunt,
1699 676 1745 748 qui
1767 678 1858 732 norint

209 778 282 853 ouod
292 792 384 853 poete
395 778 507 847 icrunl,
535 793 616 851 quatu
638 776 735 835 incerti
747 776 826 849 agitis
844 777 917 833 circa
936 787 1006 833 eort-
1058 771 1117 829 run
1132 770 1172 829 rel
1187 768 1280 827 auditu
1293 770 1432 842 atagartin
1450 770 1601 842 Syrorum,
1624 767 1768 825 Caelestem
1779 768 1859 825 diro-

208 868 328 930 sciendae
343 866 477 944 pudorem
489 879 518 929 et
529 870 639 942 pudoris
649 867 850 926 defensionem!
865 867 933 924 liano
942 882 1008 939 ono
1058 878 1135 934 nrm,
1159 864 1332 921 Varsutinam
1346 862 1520 932 blancorum,
1542 861 1656 921 Obodan
1683 871 1711 920 et
1735 860 1859 921 llusareu

209 963 281 1021 tieus
293 962 364 1021 miso
367 1003 422 1032 .....
438 958 529 1037 turpia
541 1004 550 1032 ,
562 962 606 1020 rei
617 964 718 1019 atrocia
732 960 846 1018 deorum
857 961 1006 1033 exprobra·
1058 958 1189 1025 Arabum,
1204 958 1336 1017 &boum
1347 956 1494 1027 Noricum,
1508 958 1570 1027 tel,
1585 972 1653 1031 quos
1663 956 1751 1016 Varro
1760 958 1858 1031 ponit,

206 1054 566 1127 mus;ailepatiouempoeti
580 1094 649 1112 ......
651 1052 838 1111 eutlabulosa
850 1052 1005 1110 delendatisl
1058 1050 1255 1110 Casiniensium
1265 1050 1667 1120 licitentinum,ilamicusium
1679 1050 1856 1119 visidianum,

207 1148 333 1220 quodem
343 1145 415 1205 ttitro
427 1146 522 1205 siletur
531 1146 566 1205 de
578 1146 711 1218 ejusmodi
727 1145 844 1217 poetica,
858 1158 913 1201 nou
921 1144 1006 1201 modo
1058 1142 1266 1201 Atheniensium
1289 1142 1502 1213 Numantinum,
1516 1140 1725 1202 Asculanorum
1749 1142 1857 1200 bocla-

207 1258 261 1299 non
276 1242 402 1308 lrorretis,
417 1241 466 1299 sed
478 1242 589 1313 insuper
602 1238 752 1306 honoratis,
767 1246 851 1311 utque
864 1238 891 1294 itt
904 1250 1005 1295 neem·
1058 1236 1143 1301 riam,
1158 1242 1187 1292 et
1199 1248 1279 1307 quam
1295 1234 1473 1307 praevenerim
1493 1233 1545 1308 (ll,
1560 1232 1770 1292 Volsiniensium
1783 1233 1857 1292 Nor·

207 1336 287 1393 santis
296 1334 399 1393 andrus
411 1334 526 1392 iubetis.
553 1332 673 1406 lienique
688 1348 737 1405 per
749 1334 820 1389 bane
830 1330 1004 1389 initiatricem
1058 1328 1134 1394 tiam,
1149 1340 1265 1399 quorum
1278 1340 1312 1383 ne
1327 1326 1465 1383 nominum
1477 1326 1586 1400 quidem
1597 1326 1718 1399 [dignitas
1731 1326 1857 1385 immanis

207 1428 369 1485 litteraturae
388 1424 563 1499 ingenuitatis
584 1423 672 1483 studia
694 1422 853 1497 producitis.
869 1422 1006 1481 Crimina·
1058 1420 1264 1491 cognominibus
1276 1418 1376 1477 distatl
1401 1419 1473 1477 Satis
1497 1421 1574 1479 rideo
1592 1420 1673 1478 etlam
1696 1419 1858 1479 decadecu·

209 1527 285 1577 tores
298 1520 411 1577 deorum
425 1528 518 1592 poetas
532 1518 665 1576 eliminari
679 1515 755 1575 Plato
776 1516 883 1574 censuit
897 1516 1005 1588 ,ipsum
1059 1512 1149 1569 tiones
1162 1513 1293 1585 utriusque
1304 1510 1459 1583 municipii,
1473 1512 1569 1581 quibus
1583 1510 1671 1569 bonor
1681 1514 1750 1569 iutra
1764 1526 1858 1571 murus

125 1608 135 1627 ⁸
206 1610 355 1669 flamarum
362 1626 426 1667 saue
435 1619 592 1668 coronatum
600 1610 709 1667 civitate
720 1606 884 1679 pellendum.
901 1608 1005 1664 dtcuut
1058 1618 1122 1662 suos
1133 1604 1339 1663 determinatur.
1355 1606 1419 1663 Heu
1441 1606 1552 1663 libertas
1564 1605 1776 1679 adoptandorum
1789 1607 1857 1664 deo-

207 1702 349 1774 exclpiatis
359 1699 421 1759 illos
431 1711 460 1759 et
470 1703 621 1770 retineatis,
634 1715 684 1757 cur
696 1714 750 1757 nott
760 1698 876 1756 credatis
886 1698 948 1754 tatia
963 1712 1007 1756 re·
1058 1716 1117 1755 rum
1131 1714 1271 1772 quousque
1282 1699 1435 1772 profecerit,
1445 1698 1634 1773 AEpyptiorum
1650 1702 1857 1773 superstitiones

206 1792 360 1850 texentibn
372 1792 406 1849 de
419 1792 477 1850 deis
495 1792 617 1849 nestris!
629 1792 713 1865 igitur
734 1790 756 1846 si
774 1790 886 1848 creditis
900 1792 1001 1861 poetis,
1019 1793 1172 1885 ndocent,
1187 1794 1234 1865 ptri
1248 1794 1328 1850 etiam
1343 1792 1444 1851 bestias
1458 1793 1577 1865 privatas
1587 1794 1694 1862 colunt,
1718 1808 1781 1865 p....
1797 1809 1860 1852 cro·

206 1884 371 1941 curlaudem
392 1884 567 1942 mendacibus
583 1883 681 1954 lectis,
701 1898 753 1941 nec
762 1882 864 1939 careda
875 1882 1008 1940 neodem·
1058 1884 1163 1943 codilos
1182 1895 1335 1957 etaopucm
1349 1901 1439 1943 satum.
1466 1886 1565 1943 Parum
1578 1894 1619 1943 est
1633 1886 1656 1943 si
1675 1886 1756 1943 etiam
1769 1884 1860 1943 bomi-

205 1976 340 2046 datiuum,
355 1991 468 2049 utrorum
478 1978 672 2035 detrectatores
680 1976 820 2035 bonoratis
831 1974 926 2033 isaac
936 1974 1007 2033 udos
1058 1994 1121 2037 uem
1134 1990 1334 2037 consecrarunt.
1352 1978 1428 2038 lllem
1443 1981 1516 2049 dieo,
1532 1996 1614 2052 uuum
1627 1994 1681 2037 non
1692 1980 1748 2052 iam
1757 1978 1856 2053 AEgrp·

207 2070 322 2143 apoutis
346 2086 400 2129 nott
416 2070 557 2144 erigenda.
579 2070 674 2128 donne
694 2069 841 2142 uaidioitls
854 2069 922 2126 deos
944 2076 1007 2141 post
1059 2078 1102 2128 tus
1116 2080 1163 2128 aut
1175 2072 1297 2139 Graecia,
1313 2086 1408 2129 rerum
1420 2080 1495 2129 totus
1506 2073 1653 2129 orbis......
1670 2072 1728 2128 diri
1748 2073 1857 2144 jurant3

205 2172 323 2220 mortem
346 2162 449 2230 iactos,
477 2162 601 2219 ltomines
614 2160 780 2220 euolltemini
794 2169 858 2218 ante
870 2161 1006 2218 murtena?
1057 2160 1093 2220 de
1107 2165 1265 2234 eulusstatu
1285 2164 1348 2235 quid
1363 2162 1459 2234 conjici
1477 2172 1565 2234 potest
1576 2162 1646 2235 apud
1660 2173 1770 2221 nostras
1781 2164 1858 2222 litte-

205 2255 274 2325 Quid
282 2268 348 2327 erpo
360 2254 439 2323 nori,
452 2256 476 2313 ai
488 2297 496 2324 ,
506 2256 553 2327 qui
563 2253 685 2311 bomincs
698 2252 807 2319 luerint,
821 2252 945 2311 menania
956 2260 1006 2310 aut
1058 2265 1103 2309 ras
1115 2262 1145 2309 ut
1158 2252 1306 2311 uerisimile
1328 2251 1434 2311 ridetur
1449 2247 1564 2322 positum
1578 2262 1628 2311 est.
1655 2254 1725 2313 liant
1748 2254 1859 2327 Serapis

206 2348 315 2404 casibus
328 2354 374 2403 aut
392 2346 551 2403 criminibus
567 2355 615 2403 aut
632 2344 729 2402 sabulis
747 2343 925 2416 potmunaurt
943 2342 1005 2401 idon
1055 2343 1108 2401 iste
1131 2342 1239 2416 quidam
1252 2344 1315 2401 olim
1337 2342 1437 2416 loseph
1461 2344 1526 2419 (i)
1542 2383 1609 2402 ......
1634 2344 1686 2403 luit
1703 2346 1738 2404 de
1758 2362 1859 2419 ponere

205 2436 317 2497 creditis
328 2437 426 2509 poetis,
441 2452 503 2495 cum
516 2437 551 2495 de
565 2436 743 2495 relationibus
752 2450 848 2493 eorum
864 2435 948 2493 etiam
961 2450 1006 2492 sa-
1056 2442 1211 2493 sanctorum
1223 2477 1232 2505 ,
1243 2434 1335 2509 junior
1347 2436 1418 2493 inter
1430 2447 1544 2494 ceteros
1557 2436 1676 2505 iratres,
1695 2438 1744 2495 aed
1756 2438 1847 2496 ctoel-

178 2564 182 2572 ·
205 2546 253 2589 cra
266 2530 605 2604 puaenamdisposueritisl
626 2529 681 2587 Cur
694 2530 796 2603 rapitur
814 2528 943 2587 sacerdot
952 2528 1006 2587 Ge·
1056 2528 1113 2586 sior
1128 2566 1234 2586 .........
1237 2529 1271 2587 ab
1295 2528 1393 2586 iisdem
1407 2528 1537 2587 iratribus
1558 2545 1606 2603 per
1624 2530 1738 2589 livorem
1760 2546 1859 2590 renum

205 2622 287 2691 reris,
299 2621 322 2679 si
335 2636 391 2678 uon
405 2622 458 2679 tale
469 2620 553 2679 Ceres
566 2636 646 2693 passa
655 2621 718 2679 estl
728 2620 784 2678 cur
797 2619 1005 2679 sammoatient
1056 2623 1084 2679 iu
1100 2622 1253 2695 AEpypttrm
1269 2623 1358 2693 datus,
1375 2624 1504 2680 saeriebat
1517 2624 1544 2679 in
1554 2622 1657 2682 lumilia
1673 2626 1745 2699 repis
1757 2626 1860 2700 AEpyp·

204 2716 286 2773 liberi
298 2715 487 2784 immolantur,
509 2716 533 2772 si
554 2715 599 2773 ille
620 2716 677 2774 auis
696 2712 839 2789 peperciti
859 2714 915 2773 Gur
933 2714 1005 2775 ideae
1059 2723 1149 2771 torum
1162 2714 1200 2788 (c)
1213 2714 1355 2784 l’ltarno,a
1369 2715 1558 2788 reginajmiuus
1569 2714 1666 2789 pudica
1678 2716 1857 2788 desideratus,

204 2808 343 2866 masculus
352 2816 516 2881 amputatur,
528 2808 552 2867 si
567 2810 657 2866 nullus
673 2808 712 2866 uti
727 2808 1006 2869 fastidiosioraduies·
1057 2806 1105 2863 tud
1120 2808 1182 2879 quia
1193 2822 1247 2864 nou
1256 2807 1473 2879 obsequebatur,
1487 2822 1503 2863 c
1516 2810 1654 2869 contrario
1663 2810 1698 2867 ab
1707 2810 1800 2867 eadem
1814 2810 1860 2869 de-

204 2916 273 2960 cens
292 2902 417 2961 libidinis
450 2902 571 2961 frustatae
594 2901 689 2959 dolore
711 2912 844 2960 castratus
868 2905 929 2961 esti
950 2904 1006 2963 Cur
1056 2899 1243 2971 latus,arepn
1258 2900 1286 2955 in
1299 2914 1435 2957 carcerem
1447 2898 1537 2957 datur.
1556 2900 1613 2958 lllio
1630 2902 1735 2959 somnia
1749 2902 1860 2973 potins-

207 2994 368 3053 llerculeum
394 2995 541 3067 polluctum
564 2994 604 3068 (o)
629 2994 756 3052 mulieres
776 2994 922 3054 Lanudne
947 3009 1003 3054 non
1057 2990 1119 3050 dan
1139 2992 1192 3047 noir
1208 3004 1349 3064 perperam
1374 2991 1585 3063 interpretatos,
1609 2992 1664 3049 tim
1689 2993 1799 3065 spiritus
1814 2994 1857 3051 itti

207 3094 336 3159 gustant,
356 3087 379 3142 sl
393 3080 447 3143 non
467 3086 610 3143 mulierum
624 3099 758 3161 caussup
760 3125 827 3144 ......
830 3086 1007 3155 ,blentiuntur
1057 3082 1184 3141 ostendit.
1196 3082 1301 3141 luterea
1321 3097 1371 3140 ret
1394 3096 1502 3155 utmqtre
1517 3084 1623 3141 somnia
1638 3084 1769 3142 terribilia
1783 3100 1859 3157 oum·

209 3192 276 3235 sane
288 3178 391 3251 poetae!
408 3178 455 3237 sed
472 3194 526 3237 nou
548 3178 607 3236 ideo
617 3176 688 3251 quod
702 3178 763 3235 talia
776 3180 942 3251 gesserint...
956 3180 1044 3253 ¹¹⁰·C
1061 3176 1123 3233 dam
1138 3176 1196 3246 illi,
1211 3175 1337 3233 detractis
1349 3188 1418 3247 quos
1429 3183 1627 3233 convocaverat
1642 3217 1650 3244 ,
1671 3177 1756 3233 voluit
1775 3192 1859 3250 erpo-

207 3272 373 3345 mincsquas
393 3272 673 3345 deluerintnecquod
692 3272 1006 3349 ditiuasadscripseriut
1058 3286 1134 3329 ttcre.
1154 3270 1255 3343 iosepb
1269 3268 1457 3342 expedimenta
1475 3268 1511 3325 de
1525 3282 1634 3327 carcere
1648 3270 1859 3338 edocaturum·
1906 3278 1909 3285 '

205 3362 280 3422 io...
293 3364 453 3433 diuinitatis,
470 3380 531 3423 cum
542 3365 650 3422 iuterim
662 3364 739 3423 tobis
750 3363 905 3425 credibilius
917 3369 1005 3428 risum
1059 3368 1133 3423 nium
1148 3366 1205 3437 regi
1226 3364 1313 3437 aperit
1333 3378 1341 3418 a
1356 3363 1418 3421 illus
1431 3362 1516 3421 botes
1526 3372 1633 3435 sepiem
1653 3364 1858 3437 opimissimos,

206 3466 250 3514 est
262 3458 329 3516 deos
341 3456 443 3529 luisse,
456 3458 504 3515 sed
519 3472 572 3515 non
585 3457 670 3527 tales,
693 3472 775 3531 quam
788 3460 875 3529 tales,
889 3458 1004 3520 sednon
1058 3460 1224 3528 dellueutes,
1239 3456 1352 3515 totidem
1374 3464 1505 3514 annorum
1521 3456 1674 3515 ubertatem
1689 3458 1858 3535 significum

206 3552 282 3610 deos.
1061 3554 1226 3627 posteriores
1251 3564 1327 3624 eune
1345 3560 1448 3622 septem
1474 3550 1604 3622 ineptos,
1637 3550 1859 3623 subsequentium

242 3642 271 3701 8.
290 3644 421 3718 Superest
436 3644 535 3719 pertale
549 3644 613 3702 illud
634 3644 802 3719 penusloter
814 3646 930 3718 poptdos
939 3646 1004 3705 deo·
1058 3656 1162 3718 septem
1175 3658 1307 3701 antrorum
1325 3642 1460 3715 inopiam.
1474 3642 1625 3700 Praedicare
1636 3642 1726 3715 itaquo
1738 3658 1811 3716 sepe
1823 3644 1859 3702 du

206 3744 287 3805 rum,
306 3737 375 3809 quoi
386 3737 497 3795 libidine
509 3746 653 3811 sumptos,
670 3752 723 3794 uon
740 3752 788 3809 pro
797 3738 892 3795 notitia
905 3742 1005 3798 renita-
1057 3736 1236 3797 recondendis
1260 3734 1393 3808 presidiis
1415 3734 1575 3793 infuturum
1601 3735 1700 3803 tannen
1719 3736 1754 3795 dc
1774 3740 1852 3810 copia

206 3831 260 3900 tis,
271 3832 350 3888 docet
360 3830 462 3901 privata
475 3830 580 3888 uotiua.
596 3830 681 3887 Deum
692 3844 757 3904 ergo
769 3829 896 3889 existimo
905 3832 1005 3905 ubique
1057 3832 1167 3903 priore,
1189 3828 1380 3901 crediditrex3
1407 3828 1494 3884 caitus
1508 3840 1597 3885 rerum
1613 3837 1641 3885 et
1651 3828 1808 3901 medentem
1823 3835 1851 3884 et

207 3926 313 3989 notrum,
327 3921 427 3995 ubique
441 3930 613 3993 praesentem,
625 3919 725 3993 ubique
741 3921 935 3991 dominantem,
948 3938 1007 3981 om·
1058 3932 1180 3982 sanctum
1195 3938 1301 3996 semper
1318 3922 1499 4009 necessarium
1519 3922 1653 3993 probavit.
1667 3922 1758 3995 ltaque
1777 3922 1851 3979 Pita-

207 4010 288 4067 uibus
301 4010 454 4078 colendum,
465 4012 590 4069 omuibus
599 4010 803 4071 demerendum.
814 4014 850 4071 At
862 4016 934 4073 euim
943 4030 1006 4074 curn
1057 4028 1107 4073 rao
1128 4015 1261 4072 universae
1273 4013 1391 4087 AEpypto
1402 4022 1430 4072 et
1442 4014 1639 4072 irumcutaodtc
1650 4022 1677 4071 et
1694 4014 1792 4072 exinde
1806 4030 1853 4072 eu·

208 4100 248 4158 illi
261 4115 379 4175 quoque,
394 4116 463 4177 quos
474 4102 629 4162 totusorbis
641 4102 821 4163 communiter
833 4104 917 4177 coiit,
932 4110 1007 4165 exei-
1057 4109 1222 4167 randceum
1237 4106 1618 4182 pretectottunoseraptrtum
1627 4122 1662 4167 ex
1672 4108 1856 4183 suggestuld),

827 4210 1019 4283 tacitouus
1036 4220 1241 4282 tinnulus.

209 4372 212 4377 Δ
243 4310 542 4379 (littipoit.1’raererim.

890 4418 1179 4505 conumeratus.

247 4540 287 4612 (a)
306 4538 462 4596 Herculeum
477 4536 628 4622 polluctum.
652 4535 801 4594 Pollucltltu
812 4534 1001 4623 denumerat
1012 4563 1041 4629 Ι)
1052 4542 1118 4627 alibi
1127 4542 1430 4617 lsiuetSerapiuidota
1439 4541 1523 4627 luisse
1532 4541 1667 4628 Eupilis
1684 4542 1857 4628 veum-auda,

210 4611 418 4669 Esculeutorum
440 4609 648 4692 deotmapars,
664 4624 725 4681 quaa
746 4608 854 4693 lleroulr
877 4609 1001 4669 dabatur.
1060 4614 1105 4673 btc
1126 4627 1227 4672 tantum
1240 4614 1309 4672 addo
1323 4615 1527 4671 detestationem
1546 4623 1858 4689 aegypttacaetmptetatts

211 4680 870 4814 lllil’iilliriiil',lilliirllillil
884 4693 1007 4813 liiii
1058 4684 1860 4815 llilllillillmilitabitiiiiii.

212 4825 336 4881 reddere.
351 4823 561 4897 npudenmdem
574 4823 707 4890 Plautum,
716 4823 850 4885 obsonare
864 4828 1007 4899 pollucibi·
1058 4774 1297 4900 {trascriptamlaa
1310 4798 1361 4886 ’Pru
1405 4772 1421 4829 q
1776 4774 1792 4830 Ρ

212 4896 285 4960 liter,
301 4896 328 4952 id
340 4906 384 4954 est
394 4893 537 4967 splendide
548 4904 575 4952 et
587 4894 709 4966 opipare
721 4893 762 4952 aie
773 4910 851 4956 creua
864 4898 1008 4972 pollucibi-
1098 4900 1134 4972 (c)
1144 4901 1177 4955 ln
1189 4900 1313 4971 [muilier
1343 4902 1365 4955 ir
1379 4897 1575 4971 AEppptiornnr.
1589 4897 1646 4958 loto
1658 4898 1794 4956 iulamilia
1804 4899 1859 4957 Pu-

209 4966 254 5023 lia.
269 4966 310 5023 le
324 4968 402 5051 Pa..
435 5037 441 5049 ·
528 5038 535 5049 ·
637 5036 643 5049 ·
1062 4973 1175 5043 tipltaris
1188 4918 1553 5035 Eunucbizbaraonismiui
1565 4972 1688 5027 dicamus
1700 4972 1788 5043 ipsum
1803 4972 1858 5029 litt·

248 5037 289 5111 (b)
309 5039 415 5111 Serepru
431 5047 479 5092 ute
491 5037 596 5108 perdunt
607 5037 668 5094 olam
678 5035 787 5109 Joteplr.
801 5038 924 5101 Rullinua
935 5042 1005 5099 llist.
1062 5043 1180 5102 nimbum
1198 5044 1226 5100 in
1245 5043 1345 5099 lumilia
1357 5042 1430 5114 repis
1444 5041 1536 5098 luisse.
1550 5040 1604 5099 Sed
1621 5042 1648 5100 in
1668 5044 1718 5100 bac
1731 5044 1858 5115 deinceps

212 5108 312 5177 ll‚ubi
324 5110 360 5167 de
370 5119 458 5165 statua
469 5106 774 5179 Serapidisstuidumin
783 5114 911 5172 bonorem
920 5115 1006 5185 nostri
1060 5114 1171 5172 historia
1183 5114 1293 5185 losepnt
1308 5113 1417 5171 aberret
1428 5112 1609 5171 Tertullianus
1623 5116 1722 5171 iterum
1735 5128 1767 5171 ao
1776 5116 1857 5171 tertio

212 5179 312 5253 losepb
338 5182 481 5237 lormaturu
496 5179 639 5251 perbibent
647 5182 830 5264 sbunbcrum,
847 5187 884 5243 ob
895 5186 1005 5243 dirisin-
1058 5186 1093 5242 ab
1108 5186 1141 5243 iia
1153 5200 1214 5257 puae
1227 5185 1337 5243 tradidit
1349 5184 1436 5241 lloses
1456 5184 1557 5242 Genea.
1572 5186 1620 5241 xli.
1634 5196 1663 5242 et
1676 5184 1856 5244 librottdrer·

212 5268 275 5307 nem
320 5250 471 5319 bumenti,
511 5264 567 5333 quo
604 5251 683 5308 lautas
723 5261 845 5327 tempore
880 5259 1005 5316 subvenit
1058 5272 1105 5313 sus
1124 5256 1250 5325 ludaeos,
1265 5270 1324 5329 cup.
1340 5256 1369 5322 ii,
1393 5255 1532 5313 historiam
1555 5256 1648 5315 dbelit
1661 5257 1778 5315 ethiui
1797 5265 1853 5314 tra·

198 5320 365 5397 -AEpyptiim
391 5324 431 5380 ba
455 5338 489 5379 eo
514 5324 618 5395 tpitur,
641 5324 714 5395 quod
739 5340 755 5380 a
793 5328 811 5384 d
836 5328 1005 5386 cbriutiooos
1055 5328 1344 5401 ctaritindilipenttuu.
1359 5328 1398 5385 Lu
1414 5326 1464 5385 Pn.

211 5394 323 5465 serapte
339 5394 423 5467 ilpura
443 5394 616 5466 tottioaepbi
635 5406 663 5451 et
675 5393 758 5468 Jooep
778 5414 810 5455 us
829 5400 914 5472 lipara
927 5400 1005 5456 Cbri·
1093 5398 1134 5473 ld)
1149 5398 1431 5473 lleneSnrupiderttoo
1444 5408 1572 5473 repperio.
1586 5398 1857 5457 dumetumetaoer·

213 5467 306 5532 sti,in
331 5478 453 5523 errorem
478 5464 602 5522 inductus
625 5465 709 5523 luisse
739 5468 846 5527 ridetur
868 5471 1003 5529 Adrianus
1057 5487 1120 5528 rum
1142 5472 1291 5544 intelligere
1311 5470 1435 5537 ridetur,
1455 5484 1535 5543 quem
1557 5471 1730 5543 Greciaupto
1751 5470 1854 5538 dicunt,

212 5537 282 5607 dup.
296 5538 324 5593 in
338 5536 451 5607 epistola
464 5536 600 5607 quadam,
612 5536 657 5593 ubi
668 5534 703 5593 de
715 5538 786 5612 AEgy
846 5542 881 5598 ad
895 5542 1002 5599 sertia·
1056 5542 1196 5599 Frumenti
1207 5544 1310 5601 soilicct
1319 5540 1457 5600 cumulum
1468 5582 1476 5611 ‚
1488 5541 1569 5599 modii
1578 5540 1661 5612 dpura
1671 5542 1852 5613 designatum.

212 5622 278 5662 nutu
291 5607 493 5689 comtemptum,
508 5605 555 5662 ltu·
569 5606 737 5681 puiSmopr'n
755 5612 1004 5680 eountmtrutioni
1056 5614 1195 5681 Rullinus,
1210 5614 1380 5687 Csiureopttt
1400 5612 1502 5668 aaudiat
1512 5628 1589 5685 super
1623 5613 1686 5669 titttt
1706 5614 1799 5669 indicet
1812 5614 1853 5669 ni·

211 5681 421 5735 trmtsetdenotr
443 5688 503 5734 suut
523 5676 839 5749 Seropi‚euireclrirti
862 5684 1004 5755 Episcopor
1056 5694 1108 5740 tent
1120 5686 1269 5743 mortalibus
1283 5688 1386 5757 [rapum
1399 5684 1583 5756 iurpitutepre
1629 5684 1645 5738 ’.
1660 5683 1856 5741 latinarum-

211 5749 308 5829 diceet.
320 5748 393 5805 idem
403 5747 519 5817 losepb,
532 5752 593 5818 quin
605 5751 680 5806 Sarae
695 5766 827 5823 pronepus
837 5796 847 5823 ,
859 5754 929 5813 lulio
942 5754 1004 5811 Fir·
1055 5770 1127 5823 ctas,
1144 5756 1265 5823 llorlt'trs,
1279 5772 1329 5823 qno
1351 5755 1519 5811 esurientibus
1532 5766 1556 5811 ct
1571 5758 1712 5816 enoenltim
1726 5757 1855 5830 {rumulo

211 5832 282 5875 turso
295 5818 413 5891 Serapis.
427 5820 487 5877 lite.
504 5846 540 5861 -·
555 5819 624 5876 illurn
646 5818 753 5892 Serapis
779 5826 835 5882 irie.
854 5824 1005 5886 bannimus
1056 5826 1194 5899 diuiserat,
1208 5828 1287 5899 copiti
1300 5827 1473 5902 ruperporitrtt
1486 5836 1532 5887 stt.
1543 5826 1584 5885 ln
1594 5828 1642 5886 Pa.
