4084 6334
172 332 227 395 lita
741 332 968 394 DlSSETlTthO
988 331 1019 392 lt.
1034 333 1080 392 bb
1098 333 1253 393 nonunt.
1771 334 1823 395 bil

172 453 265 523 quique
299 450 471 510 adolescentes
496 451 605 524 depellis
632 450 789 523 apiipuntnr,
811 451 1010 513 adstantibusA
1059 460 1162 523 peecata
1177 452 1263 507 omnia
1278 450 1736 525 remittuntur,aeproeliusueaauo
1750 454 1824 511 uicto·

172 543 320 618 parentibus
334 560 365 598 ae
378 544 546 615 propinquis,
569 552 644 616 alque
656 544 692 599 uli
704 553 860 615 perseverem
873 545 970 599 adher·
1060 545 1252 613 reselrristiani,
1266 538 1381 614 palmata
1390 552 1457 599 ueste
1468 544 1563 611 arrmti,
1577 553 1600 601 et
1609 545 1757 617 triumphati
1769 564 1824 603 eur·

172 638 293 693 lantibus.
306 636 491 694 Ornamentum
515 639 581 694 enim
595 648 619 692 et
643 639 726 710 pieria
738 639 902 710 deputabitur
914 654 971 693 ma·
1060 653 1091 691 ra
1105 639 1131 691 in
1145 636 1294 708 paradisum
1308 637 1443 693 eeltsntur.

168 734 229 806 jore
241 732 342 804 atridem
356 733 440 799 tituta,
450 733 472 788 si
482 734 568 788 aniam
582 734 666 803 potius
679 733 881 806 cessaitplapis,
896 750 972 805 anasse
1060 731 1175 787 blasima
1186 730 1406 801 protectoriam
1419 732 1545 800 uidimus,
1558 734 1668 791 ctomni
1683 734 1761 791 laude
1770 750 1824 795 mn·

173 840 266 895 corpas
285 823 391 896 (idem,
418 824 463 880 lib.
485 826 519 880 ad
541 824 664 898 ldartpm,
687 844 712 882 e.
736 827 776 898 h).
798 826 852 883 Sed
872 826 907 882 de
930 826 973 882 his
1021 825 1309 897 jorluitinvictissima
1322 826 1823 901 martyruurlortitudo,quaacceptam

172 916 314 988 plunnium
329 918 356 971 in
373 917 460 987 primo
481 918 632 989 Apparatus
648 920 733 977 nostri
744 930 818 977 torno
837 920 973 976 enarrari·
1025 916 1160 973 aClnristo
1174 917 1332 987 religionem
1347 932 1396 973 stro
1409 919 1549 990 sanguine,
1567 926 1692 991 montrum
1717 920 1824 991 publiea

172 1024 233 1065 murs
246 1007 353 1083 (Torsel
370 1010 493 1081 Apparet.
504 1029 530 1081 p.
548 1009 638 1082 tutu).
1025 1011 1122 1083 sigillo,
1138 1011 1322 1082 obsignarunt.
1336 1013 1370 1067 Αι
1384 1026 1417 1067 eo
1430 1027 1496 1067 sacre
1506 1011 1632 1068 libentius
1647 1014 1721 1071 illum
1734 1014 1826 1086 prolu-

210 1101 328 1157 Duarum
353 1103 462 1173 insuper
490 1104 632 1159 sarullcrum
655 1105 777 1176 exernpla
800 1105 827 1161 in
852 1103 921 1160 libro
938 1106 973 1159 ad
1025 1103 1132 1166 ιΙιιιιιιι,
1147 1120 1201 1175 arro
1213 1106 1454 1161 certiusnorerant
1466 1103 1524 1161 bne
1538 1115 1566 1159 ut
1579 1106 1825 1179 nrartyrioomnem

174 1192 301 1249 Nationes
315 1194 425 1265 protulit
443 1193 607 1266 (Tertullian.
626 1195 672 1251 dib.
689 1195 746 1252 led
764 1195 873 1253 Notion.
888 1214 911 1252 e.
927 1198 972 1266 lb,
1027 1196 1075 1251 hei
1086 1197 1205 1267 gratiam,
1217 1196 1391 1267 omniumque
1399 1196 1683 1271 reniampeccatorum
1694 1198 1827 1270 adipisce-

174 1304 202 1357 p.
216 1285 295 1353 eut).
323 1285 410 1341 Prima
434 1285 468 1341 ab
490 1285 537 1342 illo
561 1287 719 1358 simpliciter
745 1300 857 1345 vocatur
875 1287 975 1361 hepina
1027 1297 1131 1344 rentur.
1147 1287 1201 1344 Cur
1215 1289 1287 1345 enim
1312 1282 1476 1345 cbribtiunus
1503 1298 1556 1347 tarn
1582 1290 1709 1349 ardenter
1728 1303 1828 1365 nearly·

174 1376 295 1450 AEpppti,
308 1378 434 1433 nimirum
444 1377 597 1449 Cleopatra,
610 1380 762 1450 qnabmtiie
772 1382 836 1446 suis,
851 1380 904 1438 hoc
913 1392 973 1451 est,
1026 1382 1095 1437 rium
1107 1381 1235 1451 optabut'l
1251 1380 1285 1439 Ut
1299 1397 1343 1449 eo,
1358 1382 1444 1451 linquit
1456 1381 1657 1451 Tertullianus,
1679 1382 1729 1441 Dei
1749 1392 1827 1439 totam

173 1469 319 1539 minuisset
331 1485 363 1527 se
374 1468 551 1526 clautdelatae
566 1486 656 1527 morsu
669 1488 717 1527 usa
726 1482 772 1539 est,
787 1487 840 1543 qua
860 1481 974 1529 murteta
1027 1473 1136 1545 prasiane
1147 1472 1265 1537 redinunt,
1280 1482 1309 1527 ut
1323 1489 1423 1529 oratorem
1437 1474 1535 1529 seutiam
1545 1475 1577 1531 ab
1586 1478 1830 1545 eoaornpemattoae

172 1563 224 1619 sibi
237 1563 377 1619 corruunt.
390 1563 474 1634 bingis
493 1574 582 1620 aretem
603 1566 742 1637 perspicue
757 1566 816 1623 bac
829 1567 863 1622 ad
876 1568 976 1641 blarty·
1025 1566 1209 1639 snrrpninissni
1231 1567 1350 1632 expediat
1363 1565 1529 1639 (Tertullian.
1549 1568 1685 1640 Apolopet.
1699 1584 1757 1639 cap.
1780 1569 1826 1637 ab,

173 1672 219 1714 res
230 1657 337 1727 scripsit
352 1675 358 1712 :
374 1656 473 1712 Bestias
487 1659 590 1730 saneim
611 1658 834 1729 lnbensappetiit,
853 1670 876 1716 et
889 1662 976 1732 utique
1028 1676 1078 1731 pap
1096 1660 1171 1731 550).
1183 1658 1531 1729 ΙΙιιιΙιιιιιιιιιίειιιοειιιΙοι,
1543 1660 1632 1717 statim
1643 1662 1827 1733 respondebit:

172 1748 275 1821 aspiciet
286 1758 423 1819 serpentes,
434 1758 510 1804 tauro
532 1749 571 1804 ael
584 1766 645 1806 urso
655 1750 820 1817 horridiores,
829 1768 891 1821 auus
902 1752 975 1808 Cleo·
1029 1752 1123 1808 Oarsria
1136 1754 1203 1809 enim
1221 1753 1280 1807 lude
1296 1753 1367 1824 operi
1393 1753 1485 1808 dedicta
1500 1754 1637 1810 merantur.
1666 1755 1726 1811 etto
1739 1766 1829 1813 autem

174 1855 249 1914 patra
274 1844 379 1898 irnnrisit
408 1844 475 1913 sibi,
498 1860 531 1900 ne
555 1844 581 1898 irs
605 1860 697 1900 manus
717 1845 814 1899 inimici
838 1849 977 1917 perueniret
991 1853 1016 1913 B
1030 1848 1057 1903 in
1070 1848 1138 1902 libro
1152 1845 1230 1903 ducet
1243 1846 1306 1901 illud
1318 1845 1466 1903 secuudum
1478 1861 1538 1903 esse
1552 1846 1696 1918 baptisma,
1707 1863 1761 1919 queo
1774 1864 1833 1919 gra-

174 1937 246 2012 (tib.
260 1939 295 1991 ad
314 1934 424 2007 llartyr.
452 1952 475 1990 e.
502 1936 543 2009 Ι).
571 1936 624 1993 Sed
649 1938 700 1994 hoc
719 1936 829 1995 iannosne
855 1940 977 1996 mulieris
1029 1941 1065 1997 tia
1080 1940 1126 1996 hei
1139 1940 1271 2007 donatur,
1292 1940 1436 2013 omniaque
1452 1948 1578 2011 peccata,
1606 1950 1669 1997 ante
1682 1942 1833 1999 sacratissi-

174 2030 277 2086 iacinus
302 2028 402 2101 sapius
423 2030 458 2085 ab
485 2029 618 2086 historicis
642 2030 773 2087 Suetonio
795 2031 915 2101 (Sueten.
930 2033 975 2090 tib.
1029 2048 1102 2087 mum
1117 2030 1420 2101 illudaqumlaracrum
1439 2032 1594 2099 commissa,
1611 2033 1690 2103 plane
1714 2034 1833 2103 plenitus·

174 2124 196 2181 ll
209 2124 235 2179 in
252 2121 303 2178 tte.
319 2122 429 2195 dupust.
445 2121 537 2199 ibt),
555 2123 698 2180 Plutarcho
711 2123 860 2196 (Plutarch.
877 2128 903 2182 iu
923 2125 975 2183 Vit.
1029 2141 1080 2195 qrrc
1094 2126 1278 2181 remittuntur.
1301 2123 1353 2180 Sed
1373 2125 1477 2194 ipsum,
1509 2125 1531 2179 si
1545 2124 1652 2194 placet,
1677 2124 1832 2195 loquentem

174 2215 291 2283 Antonii,
307 2233 333 2288 p.
347 2209 432 2299 ibi),
448 2225 475 2272 et
490 2216 571 2285 aliis,
595 2231 699 2275 necnon
720 2232 736 2273 a
751 2218 838 2289 poetis
850 2218 982 2292 decanto·
1029 2217 1116 2273 nrlhuc
1139 2206 1298 2273 audiamus:
1317 2216 1363 2273 Est
1383 2217 1486 2287 quidem
1511 2216 1583 2273 neiis
1597 2218 1672 2271 etiarn
1694 2217 1833 2299 seeusrdnm

176 2318 232 2365 lum
246 2318 296 2365 est.
310 2308 479 2379 Quapropter
491 2308 550 2364 huc
563 2308 685 2377 lloratii,
700 2326 760 2381 qum
772 2310 806 2367 ad
820 2311 978 2369 Tertulliani
1031 2312 1176 2378 leuauerunt,
1192 2327 1271 2366 ustum
1291 2319 1315 2365 et
1327 2312 1424 2379 ipsum,
1447 2310 1581 2382 sanpuinis
1595 2310 1706 2378 seilicet,
1727 2309 1779 2367 boc
1792 2320 1834 2367 cst

176 2402 344 2473 propositum
363 2402 450 2475 magis
463 2400 635 2472 conducunt,
658 2401 777 2459 curarim
792 2404 890 2462 citasse
912 2405 979 2463 satis
1030 2405 1172 2477 martyrii,
1196 2405 1228 2459 de
1239 2420 1289 2477 quo
1303 2403 1428 2460 Dominus
1440 2420 1451 2458 .·
1465 2402 1569 2469 liabeo,
1587 2404 1689 2474 inquit,
1708 2404 1833 2475 baptismo

177 2496 229 2555 erit
245 2513 253 2553 s
1030 2498 1121 2569 tisspui,
1138 2513 1196 2551 curn
1206 2497 1263 2568 jane
1276 2497 1368 2552 tinetas
1379 2496 1467 2567 luisset
1469 2534 1535 2552 ......
1549 2494 1604 2553 Hos
1616 2495 1682 2553 duos
1695 2495 1835 2567 baptismos

270 2613 336 2663 musa
346 2615 375 2661 et
382 2612 509 2675 §suentem
523 2612 725 2677 immerentem,

271 2672 348 2726 tutin
356 2687 448 2725 sereno
459 2673 538 2735 lortis,
550 2684 577 2726 et
587 2688 689 2739 asperas

317 2736 436 2788 Tractare
447 2743 589 2801 serpentes,
602 2746 630 2789 ut
640 2746 720 2789 atrum

363 2799 474 2863 Corpore
485 2801 639 2852 cornbiberet
648 2814 772 2853 vencnum
783 2814 790 2851 :

271 2860 416 2913 Deliberas
427 2871 508 2913 morte
519 2862 636 2925 ferocior,

272 2923 351 2975 Saeuis
362 2924 475 2974 Liburnis
485 2925 580 2977 scilicet
591 2926 703 2977 inridens

319 2987 416 3037 Privata
425 2988 513 3038 deduci
522 2990 633 3053 superbo

1031 2590 1062 2645 de
1074 2590 1178 2645 numere
1188 2576 1297 2663 perfossi
1313 2588 1398 2645 leteris
1414 2588 1498 2645 enubit
1510 2630 1519 2657 ,
1532 2598 1657 2660 eumenus
1671 2589 1715 2661 aui
1732 2590 1759 2645 in
1773 2606 1834 2644 aaa·

1030 2684 1133 2754 prinam
1145 2683 1202 2753 eires
1217 2682 1358 2749 crederent,
1373 2697 1442 2753 aqua
1450 2682 1613 2748 termentum·
1626 2682 1669 2752 aui
1679 2698 1746 2752 apuu
1757 2682 1834 2737 iacis·

912 2817 915 2826 .
1032 2786 1098 2840 sent,
1113 2772 1190 2831 etiaiu
1211 2777 1364 2847 sanquinem
1386 2785 1513 2846 potarent.
1529 2774 1627 2833 Hicest
1642 2777 1781 2847 baptismus
1793 2778 1837 2847 aui

1009 2871 1013 2882 '
1032 2874 1209 2935 tenerrrima
1234 2886 1285 2925 non
1310 2878 1441 2940 acceptum
1462 2879 1644 2941 representat,
1669 2871 1837 2941 etperditurn

1031 2962 1114 3017 reddit
1136 2960 1239 3035 (idem,
1264 2961 1308 3016 lib.
1338 2962 1370 3019 de
1396 2960 1523 3033 Baptism.
1541 2978 1599 3033 cap.
1623 2962 1685 3035 id).
1710 2966 1744 3019 bt
1771 2964 1836 3021 illud

365 3049 419 3101 Non
431 3049 630 3103 humiliumulier
641 3052 775 3117 triumpho.
1031 3056 1065 3111 ab
1083 3070 1117 3111 eo
1127 3064 1258 3111 assertum
1273 3053 1386 3109 vidimus
1402 3053 1495 3125 (Seps.
1510 3071 1533 3109 e.
1550 3055 1593 3122 ll,
1608 3064 1660 3109 art.
1675 3054 1722 3125 5),
1738 3070 1838 3126 qttem-

323 3132 422 3196 (limi
433 3129 475 3183 ΙΙΙ·
487 3140 495 3182 ¹
508 3131 615 3185 Cimb·
628 3134 669 3187 Μ·
681 3136 721 3197 bl,
731 3135 795 3188 ¹³33
806 3141 829 3187 ΙΙ
839 3136 916 3205 seqq.)
1033 3148 1176 3203 admodum
1201 3164 1216 3203 a
1238 3146 1371 3217 discipulo
1391 3147 1449 3217 ejus
1462 3146 1618 3219 Cypriane,
1641 3148 1685 3219 quii
1707 3157 1838 3217 perulerea

180 3237 274 3293 Altera
288 3253 368 3310 porro
382 3241 478 3296 nrttlier
500 3240 728 3313 carthaginensis,
747 3244 887 3300 Asdrubale
901 3246 979 3302 nturi·
995 3249 1018 3311 c
1036 3241 1165 3310 nutriorem
1184 3240 1282 3311 buirus,
1310 3254 1390 3310 ll¹¹²¹¹l
1412 3239 1508 3307 prioris
1528 3239 1652 3309 baptismi
1666 3242 1781 3311 gratiam
1795 3240 1839 3297 ¹¹5⁸

186 3342 230 3395 te,
254 3333 292 3387 ait
306 3332 506 3400 Tertullianus,
526 3335 552 3388 iu
572 3336 691 3389 retroneis
716 3338 807 3407 patriae
828 3341 983 3396 consanum
1037 3334 1126 3391 serbis
1140 3332 1228 3402 palam
1244 3332 1392 3401 praedicat:
1411 3329 1527 3385 Primum
1541 3329 1842 3401 baptismaeredemibur

185 3425 304 3499 (Tertnti.
317 3426 361 3480 lib.
376 3425 587 3483 initiatione.
606 3426 650 3495 tu,
666 3428 983 3500 pereunctantium
1036 3428 1169 3494 dediturus,
1186 3426 1220 3481 ad
1243 3425 1314 3480 alind
1337 3440 1434 3497 quaerre
1447 3424 1562 3497 singulos
1584 3440 1757 3495 preparemus
1774 3428 1840 3484 insi·

184 3516 271 3585 dixit,
288 3517 346 3587 jaret
366 3516 472 3571 ardaste
490 3517 665 3591 Cartbapine,
687 3534 747 3575 curn
765 3521 886 3576 rumitant
910 3540 985 3579 suum
1037 3531 1144 3575 tentantes
1158 3528 1181 3575 et
1195 3520 1314 3575 docentes
1333 3517 1381 3573 hoe
1396 3517 1584 3587 essebaptisma
1598 3518 1718 3591 ingratia
1732 3520 1836 3591 maius,

184 3608 325 3680 supplicem
340 3607 456 3679 Scipioni
468 3608 573 3677 uideret,
587 3627 643 3665 curn
654 3609 716 3682 dliis
729 3612 782 3667 suis
801 3614 828 3667 in
840 3614 985 3671 incendium
1037 3612 1063 3665 iu
1074 3618 1197 3683 potestate
1211 3608 1363 3677 rotharim,
1385 3610 1411 3663 iu
1430 3609 1526 3665 nouom
1545 3610 1700 3681 praetoriam·
1709 3610 1837 3681 baptisma

186 3704 277 3775 petrice
299 3702 423 3758 denotauit
448 3703 554 3775 (idem,
581 3705 626 3761 tit.
650 3705 686 3760 ad
707 3704 829 3779 llartpr„
851 3724 909 3779 cap.
934 3710 983 3782 b).

186 3796 252 3852 Cium
268 3796 340 3851 enim
354 3796 506 3853 rescivisset
519 3795 696 3853 asdrubalem
707 3840 715 3865 ,
726 3807 803 3869 capta
814 3798 984 3872 Cartbagine,

188 3889 268 3942 ritum
283 3903 297 3941 a
310 3886 435 3959 Scipione
451 3888 619 3959 impetrasse,
635 3889 763 3959 seqtreah
776 3890 984 3961 eoderelictum,

187 3980 215 4035 in
239 3980 356 4036 incensae
376 3980 451 4037 urbis
477 3979 554 4053 ignes
575 3996 604 4037 se
619 3997 679 4039 curn
695 3984 757 4041 loliis
781 3984 905 4057 injecisse
927 4000 986 4042 me·

187 4082 318 4129 ntoratur.
334 4071 441 4129 videsis
463 4072 598 4130 Valerium
612 4075 753 4133 Maximum
776 4076 886 4150 (Tader.
911 4076 985 4134 baa.

1036 3705 1120 3777 lespera
1129 3705 1212 3777 anpeti
1224 3706 1365 3777 baptizant,
1375 3705 1533 3775 baptisrrrain
1546 3720 1597 3775 ano
1611 3703 1709 3760 Deuset
1723 3703 1840 3761 Christus

1037 3802 1091 3872 rjus
1108 3798 1235 3855 resultant
1247 3817 1256 3867 ,·
1267 3798 1402 3869 baptisma,
1416 3808 1471 3871 post
1489 3802 1556 3868 quod
1575 3815 1649 3855 rtettto
1668 3800 1725 3871 jane
1740 3808 1842 3869 peeeol;

1038 3892 1172 3964 baptisma,
1185 3893 1253 3965 qued
1266 3893 1328 3963 ptri
1337 3902 1430 3949 nostra
1439 3892 1591 3947 incrementa
1599 3902 1769 3958 consanuisse·
1778 3892 1843 3961 bap·

1037 3986 1123 4053 tisnru,
1134 3987 1201 4058 estod
1213 4002 1259 4042 nos
1266 3987 1297 4041 de
1305 3986 1399 4041 nrrrndo
1406 3984 1560 4051 recedentes,
1570 3984 1654 4039 statim
1664 3983 1717 4039 ileo
1725 3984 1840 4055 copulet.

1039 4078 1073 4137 in
1086 4096 1159 4152 aputu
1170 4080 1293 4149 baptismo
1306 4078 1430 4149 accipitur
1440 4087 1600 4147 peecatorum
1613 4078 1736 4144 serenissio,
1746 4078 1772 4132 in
1783 4092 1841 4133 sart·

190 4165 233 4221 ttt.
262 4166 310 4234 ΙΙΙ,
334 4184 393 4239 cap.
420 4166 569 4226 SEatern.
594 4168 608 4243 5
630 4170 676 4245 8),
704 4174 823 4245 aliosque
845 4173 986 4231 historicos
1039 4176 1123 4247 puirris
1139 4190 1233 4229 corona
1255 4168 1533 4243 uir·tutrenr(Cppriase.
1554 4168 1587 4223 de
1609 4168 1744 4227 Eulaeum.
1773 4186 1843 4225 auar-

190 4261 347 4331 scripwtes·
1039 4268 1115 4340 tyn).
1127 4268 1236 4325 Bruuius
1259 4282 1323 4322 vero
1341 4265 1402 4321 alibi
1421 4281 1427 4319 :
1446 4263 1588 4334 Nttnmuid,
1606 4264 1700 4335 inquit,
1714 4273 1793 4331 potest
1804 4266 1841 4321 uis

226 4351 277 4409 Tot
291 4361 380 4410 autem
395 4369 455 4410 curn
475 4358 592 4414 uirorum
618 4368 674 4414 ιιιιιι
701 4361 842 4416 mulierum
856 4362 988 4435 exemptis
1040 4362 1158 4431 baptismi
1181 4376 1235 4417 esse
1256 4360 1339 4428 sarajas
1358 4368 1402 4412 aut
1417 4359 1509 4427 potior,
1523 4371 1599 4427 quarn
1611 4356 1750 4427 eenieseio,
1766 4372 1843 4429 quam

191 4456 265 4502 tecte
284 4446 467 4501 Tertullianus
482 4446 649 4505 demonstrat
674 4450 856 4521 Cirr-istianos,
880 4454 930 4510 sibi
954 4452 989 4510 oh
1041 4456 1136 4525 passio,
1153 4462 1181 4509 ut
1202 4453 1258 4524 peris
1284 4467 1369 4505 coram
1394 4449 1538 4505 bantinibus
1564 4450 1725 4517 acceptentur,
1746 4459 1844 4505 etean·

191 4542 275 4597 sotum
286 4540 443 4611 religionem
453 4542 524 4597 illata
536 4542 570 4598 ab
578 4542 693 4600 ethnicis
701 4556 787 4601 morte
801 4548 989 4607 lubentissime
1041 4548 1117 4619 paine
1128 4561 1175 4601 sua
1187 4544 1326 4615 baptisans
1342 4544 1352 4615 (
1370 4542 1426 4609 ld.,
1441 4558 1481 4613 ep.
1505 4541 1549 4597 75.
1571 4540 1605 4595 ad
1617 4541 1679 4596 dub.
1698 4539 1727 4614 ΙΙ
1744 4539 1845 4597 Eadem

192 4635 498 4703 animooceumbentes,
524 4637 560 4691 ab
578 4637 621 4693 his
649 4653 788 4710 perperam
809 4638 952 4700 dementiae
967 4639 1093 4707 anille
1118 4637 1180 4693 alibi
1206 4637 1304 4708 repetit
1329 4634 1440 4709 (Melle
1468 4634 1541 4703 epist.
1576 4632 1622 4690 55·
1644 4632 1688 4688 ΙΙΙ·
1711 4632 1743 4687 ‘¹⁶
1768 4630 1844 4688 Orat.

193 4728 388 4798 desperationis
400 4729 533 4785 musach·
545 4728 613 4786 Natu
626 4732 740 4787 mmruts
765 4732 805 4789 illi
822 4734 943 4793 laudibus
962 4750 989 4795 er
1042 4730 1148 4787 Donein.
1161 4730 1189 4801 ),
1207 4744 1267 4800 trum
1291 4727 1433 4783 eonhrnrat
1456 4725 1620 4797 Augustinus
1646 4723 1780 4795 (Aupnst.
1797 4722 1843 4777 lib.

192 4819 327 4878 bonorum
344 4821 429 4877 tiurtie
448 4836 513 4877 suos
527 4864 535 4888 ,
552 4822 680 4880 tractemus
692 4833 857 4883 memoratos
870 4830 990 4885 cmnula-
1042 4824 1102 4882 lllll
1115 4824 1147 4879 de
1167 4820 1241 4879 dicit.
1254 4836 1313 4891 eap.
1324 4820 1363 4889 l),
1376 4819 1419 4876 ubi
1431 4817 1512 4875 uariis
1523 4817 1669 4888 Scripturas
1682 4829 1766 4873 sacrae
1784 4828 1847 4871 rer-

193 4912 267 4970 mus.
284 4912 406 4985 htlango
415 4912 563 4984 maioribus
571 4914 728 4987 digniorum
737 4917 876 4978 christiani
891 4930 992 4993 nrarty-
1045 4918 1085 4974 bis
1112 4914 1230 4973 ostendit
1254 4921 1356 4969 teritum
1380 4911 1471 4967 ualere
1491 4910 1659 4981 nrartyrium,
1676 4916 1803 4979 quantum
1823 4904 1848 4961 si

194 5021 259 5073 res,
272 5006 318 5077 qni
332 5022 385 5063 uon
400 5006 509 5065 caducae
528 5024 655 5081 annaque
677 5011 816 5069 bominum
836 5013 930 5085 gloriae
947 5030 993 5072 cn·
1044 5010 1104 5081 auis
1121 5022 1199 5063 sacro
1217 5005 1385 5079 baptismatis
1404 5002 1476 5061 loatc
1492 5001 1657 5059 ablueretur.
1669 4998 1783 5057 lbirero
1798 5000 1847 5057 ad·

196 5098 322 5169 brunda,
342 5099 389 5156 sed
403 5109 513 5158 amenas
525 5101 659 5159 lelieitatis
680 5106 869 5176 comparanda
885 5122 991 5178 caussa,
1043 5105 1099 5177 jicio
1117 5120 1124 5158 ι
1145 5102 1213 5171 Quid
1228 5102 1294 5157 enim
1317 5099 1461 5172 pretiosius,
1473 5112 1550 5167 quam
1565 5110 1646 5165 rrrors,
1661 5110 1793 5167 perquam
1807 5094 1846 5161 pt,

195 5191 338 5249 horrendis
348 5192 828 5263 plunccruciutibusseeuearnihcari
838 5202 934 5257 mirum
943 5204 996 5273 pls·
1047 5208 1076 5255 stt
1090 5209 1114 5257 et
1127 5196 1219 5253 delicta
1240 5194 1326 5251 arania
1343 5191 1525 5253 diresittautar,
1541 5197 1564 5241 et
1579 5186 1671 5243 nterita
1694 5184 1849 5253 eunruiatips

196 5300 230 5341 tte
242 5285 271 5340 in
283 5285 392 5342 niodum
407 5287 585 5358 patiebantur.
599 5290 837 5352 persuasissimum
863 5293 996 5367 siquidem
1048 5288 1364 5366 aromatar.brnbrosins
1373 5293 1460 5339 auten
1469 5282 1588 5354 pressius
1595 5280 1755 5339 Tertulliani
1763 5278 1850 5335 nostri

197 5377 332 5437 habebant
341 5395 372 5439 sc
381 5381 511 5455 martyrio
522 5384 714 5454 scnrpiternsm
726 5386 918 5445 beatitudinem
930 5404 997 5445 con·
1051 5387 1160 5458 uestigia
1186 5392 1293 5442 seculus
1313 5392 1369 5439 est:
1381 5378 1443 5449 Non
1453 5394 1544 5445 aarum,
1558 5375 1653 5449 inarsit,
1664 5386 1700 5431 est
1711 5371 1852 5447 baptisma?

197 5482 348 5533 uenturos.
361 5474 418 5533 Sed
431 5475 458 5532 ld
473 5477 582 5534 anobis
596 5481 677 5550 panto
694 5482 836 5541 mutarim
854 5485 994 5558 exptican·
1049 5480 1135 5537 Uarum
1146 5486 1193 5543 est,
1208 5476 1276 5547 quod
1289 5475 1329 5529 bie
1342 5473 1419 5529 tradit
1434 5470 1566 5539 Ecclesia,
1582 5486 1627 5541 per
1639 5484 1732 5541 mnam
1742 5476 1765 5523 et
1781 5466 1849 5544 Spi-¹

196 5566 262 5625 4⁰¹¹!
276 5576 329 5626 ibi·
1046 5575 1125 5629 ritum
1138 5578 1263 5631 sanetum,
1278 5568 1310 5623 de
1322 5581 1372 5637 quo
1382 5565 1442 5619 dicit
1453 5562 1578 5619 Domitius
1589 5560 1665 5617 iesus
1677 5576 1705 5629 :a
1716 5558 1852 5631 Baptisnm

497 5659 643 5703 turmulam
659 5663 697 5708 tr.

1050 5666 1130 5722 liabeo
1140 5661 1274 5740 baptieasi,
1282 5658 1350 5731 arsod
1360 5672 1403 5713 uas
1412 5656 1537 5713 numitius
1550 5651 1854 5726 dripmjomtapumm

167 5810 171 5818 ,
202 5749 287 5817 Quart
297 5751 432 5823 perspicue
445 5752 617 5814 Tertullianus
629 5759 717 5815 deeset
727 5764 881 5836 martyrium
895 5780 1000 5822 euene-
1050 5760 1077 5816 in
1089 5755 1208 5814 dardane
1218 5754 1311 5825 lucrm,
1323 5750 1387 5807 sieut
1398 5746 1754 5821 superiorudeelaranttsed
1765 5745 1797 5800 sit
1806 5743 1854 5799 hoe

237 5842 348 5900 “m’'
361 5844 487 5921 baptisma
496 5886 504 5917 e
530 5864 580 5921 utto
603 5857 655 5908 tota
675 5850 726 5910 hei
746 5857 831 5928 pretia
851 5858 1001 5931 redimitur,
1053 5851 1205 5926 baptismum
1220 5845 1355 5919 passionis,
1372 5856 1421 5914 arta
1434 5841 1509 5899 etiam
1522 5840 1645 5913 mrrpniae
1657 5852 1704 5896 sue
1720 5836 1858 5911 aerumnis·
