4084 6334
231 285 284 343 88¹1
776 276 811 335 tlt
827 275 1059 336 ressuscitati
1076 275 1344 338 secuudsttcbtt
1826 282 1883 341 888

231 404 297 460 ibid.
310 418 370 475 cup.
384 401 412 468 l,
425 415 489 473 pag.
504 396 589 469 382),
602 394 638 453 ab
649 392 807 466 AEscuiapio
817 392 945 451 uidelicet
966 390 1034 449 laiso
1046 392 1073 456 A
1086 390 1118 447 ad
1133 390 1159 449 id
1183 394 1207 450 si
1234 404 1351 465 tinorum
1379 391 1535 466 quiverint,
1555 392 1701 467 ottocento
1724 396 1887 470 amandum

233 493 489 559 ottrnleorumdco,
504 491 577 548 iliius
598 488 836 557 demonstratore,
857 487 951 545 autob
973 487 1033 559 ejus
1084 482 1214 542 audacter
1238 494 1377 557 provocat.
1405 484 1527 542 llenarnt
1547 528 1556 556 ,
1576 487 1681 560 linquit,
1708 490 1888 562 manuscripti

231 592 358 647 virtutem
370 588 406 644 ita
420 584 568 658 appellato.
655 642 662 653 g
1034 588 1038 595 ’
1084 578 1194 637 codices
1217 580 1301 637 nostri
1324 574 1500 649 Rmuirtiorrt,
1527 580 1624 638 melius
1650 582 1766 655 antiqua
1785 584 1889 641 editio·

144 728 147 733 .
226 692 238 727 a
267 680 398 753 Superest
413 677 521 733 tertium
535 689 653 740 nomen,
667 674 694 729 in
708 688 763 746 quo
772 671 934 743 explicando
947 669 1034 727 inuret
1086 685 1155 741 nes,
1178 672 1353 743 Renuntlent,
1373 676 1424 730 boc
1437 681 1497 744 cst,
1514 674 1561 731 sed
1582 674 1734 753 improprio
1757 676 1889 749 tmpuendi

232 772 451 841 omnibusatpua.
475 767 527 837 Qui
552 768 624 824 enim
640 766 750 823 benetie
764 765 1034 837 legunt,nutumant
1086 767 1187 835 modo,
1212 777 1331 840 sufflaret,
1356 770 1496 837 abnuant,
1522 776 1551 825 ct
1574 767 1740 827 dilliteantur
1767 784 1798 828 se
1826 786 1890 829 esse

230 864 332 936 aliquid
345 860 574 933 dentotmi,quod
586 862 642 931 ium
656 859 794 916 morituris
824 858 937 929 praeberi
963 857 1035 916 sole·
1087 860 1295 933 praedamnatos.
1319 864 1354 917 At
1368 860 1394 917 id
1407 861 1500 933 procul
1522 859 1605 918 dubio
1631 850 1732 935 tregarc
1757 872 1814 919 tum
1833 878 1890 919 non

231 957 289 1013 bnt.
300 955 352 1025 Qui
372 970 438 1011 uero
450 953 540 1026 legero
562 952 666 1009 malunt
695 950 841 1018 Thenatio,
863 951 1036 1023 suspicantur
1087 962 1230 1025 poterant,
1245 968 1307 1009 cum
1320 968 1335 1009 a
1349 952 1504 1011 cbristinnis
1516 953 1673 1027 interrogati
1685 995 1693 1025 ,
1718 963 1746 1011 et
1759 953 1891 1027 adjurati,

234 1048 308 1106 aliud
323 1044 469 1119 signillcari
482 1089 491 1116 ,
504 1061 559 1118 quo
571 1044 695 1117 spiritum
718 1052 830 1116 ugentes
844 1044 980 1110 recreari,
1006 1052 1036 1099 et
1087 1048 1252 1120 respondere
1259 1047 1434 1121 cogebantur.

239 1150 368 1213 unquam
394 1148 518 1196 omorte
531 1138 565 1205 nd
591 1138 671 1195 uitam
686 1137 808 1193 reuocari
833 1144 967 1207 poterant.
980 1136 1035 1193 sed
1123 1140 1266 1208 Quomodo
1278 1140 1351 1197 enim
1377 1140 1493 1198 inliciari
1507 1141 1659 1212 potuissent
1681 1156 1712 1199 se
1735 1141 1892 1199 immundos

237 1233 281 1289 lma
293 1246 377 1289 merse
389 1240 453 1290 sunt
463 1231 645 1303 conjectures,
660 1246 722 1302 qum
736 1228 810 1285 nulia
824 1244 934 1301 prorsus
950 1228 1034 1285 ratio·
1087 1246 1149 1290 esse
1158 1232 1288 1307 spiritus,
1302 1232 1393 1305 quod,
1407 1249 1440 1289 en
1452 1233 1670 1303 polutireorsm,
1679 1241 1710 1289 ut
1722 1233 1759 1289 ait
1780 1232 1892 1291 Tertul·

236 1339 271 1382 ue
285 1323 439 1381 firmantur.
1089 1323 1196 1389 liauus,
1211 1324 1353 1397 sutrpaiue,
1369 1334 1392 1380 et
1407 1323 1498 1396 lamo,
1512 1334 1537 1380 et
1549 1324 1645 1395 putidis
1668 1325 1738 1397 rogis
1749 1331 1891 1397 permis,

273 1415 358 1474 Paulo
372 1416 463 1488 itaque
475 1415 605 1471 attentius
628 1413 751 1485 expende
762 1456 770 1480 ,
783 1428 894 1486 quase,
912 1430 945 1469 nn
959 1421 1036 1469 tenc·
1089 1426 1112 1470 et
1138 1416 1345 1487 irtnpurutisrimis
1362 1416 1456 1487 litrpuis
1477 1417 1591 1489 ipsorum
1615 1426 1702 1471 autum
1723 1416 1833 1489 intelligi
1845 1416 1892 1473 de·

237 1508 347 1566 bricoso
369 1508 432 1563 buie
455 1508 574 1564 auctoris
596 1508 682 1564 nostri
706 1506 766 1561 ioco
780 1506 903 1563 rnonnibil
928 1506 1038 1562 lnurtrinis
1089 1508 1143 1563 buit
1158 1507 1250 1581 (litu.)
1265 1508 1279 1563 l
1293 1508 1363 1577 tui,
1379 1509 1401 1565 si
1415 1507 1502 1576 lubet,
1518 1508 1714 1579 Augus-tinum,
1729 1516 1757 1566 et
1771 1522 1802 1565 ct
1819 1508 1892 1580 lege,

237 1602 304 1659 dare
317 1610 426 1673 possent
441 1600 500 1656 bace
521 1599 585 1657 iulii
610 1598 719 1655 Firmici
743 1598 837 1654 linter.
851 1598 915 1655 lun.
930 1599 1011 1655 uerba
1029 1616 1036 1653 a
1053 1648 1058 1654 .
1090 1600 1112 1655 si
1126 1608 1216 1667 uacat,
1230 1597 1348 1670 <rumille
1362 1614 1394 1656 ea
1414 1599 1556 1673 Porphyrii
1570 1602 1604 1655 nd
1633 1600 1803 1655 ltncbuutem
1817 1601 1893 1672 cpis-

238 1692 385 1750 llerenritts
397 1709 455 1748 cunt
468 1692 522 1748 sole
535 1692 568 1747 ult
579 1692 721 1761 horoscopo
733 1690 850 1763 pariliter
864 1690 1034 1760 constitutus,
1091 1690 1145 1747 tola
1160 1692 1252 1746 retuiil
1279 1691 1313 1747 de
1341 1692 1431 1763 impiis
1444 1701 1472 1747 et
1489 1690 1667 1748 lrnttdulcutis
1685 1692 1841 1749 daemonum
1863 1710 1895 1751 nc

237 1785 314 1857 saciet
327 1784 465 1841 exorcistas
477 1824 483 1847 ,
495 1794 520 1839 et
530 1783 725 1851 onilndornutes
739 1782 884 1839 doenronrtm
894 1783 1040 1839 incursione
1053 1788 1078 1852 Β
1092 1784 1229 1841 laliacium
1245 1783 1387 1857 spirituum
1407 1785 1511 1842 artibus
1526 1786 1646 1858 (lugent.
1667 1784 1712 1841 di.
1729 1784 1763 1851 X,
1780 1786 1814 1842 de
1823 1788 1892 1842 clau.

238 1874 565 1947 bontinesnptiaremediis
586 1874 710 1941 liberent,
736 1873 805 1928 unm
831 1889 864 1928 en
880 1872 1045 1934 illr'snrtibut¹
1091 1893 1149 1949 cup.
1163 1877 1209 1944 ll,
1223 1878 1362 1951 pnpdl'l,
1376 1876 1506 1951 dreng).
1524 1876 1561 1934 lbi
1586 1878 1685 1949 quippe
1712 1877 1805 1934 scribit
1834 1879 1894 1936 illus

236 1968 353 2025 mnaintn
364 1966 417 2023 illis
430 1965 572 2023 substantio
581 1970 727 2038 contactae
741 1963 810 2036 (lul.
823 1962 909 2021 Finn.
923 1963 968 2021 tlt.
981 1962 1038 2031 lli,
1092 1970 1212 2044 gaudere
1224 1972 1384 2039 nidoribus,
1400 1987 1431 2027 ac
1445 1972 1580 2039 uictimis,
1595 1971 1652 2030 site
1664 1972 1787 2030 mactatis
1805 1958 1896 2045 peco-

240 2060 386 2118 llttlltmll
395 2076 455 2132 “lll-
466 2060 519 2132 9»)·
535 2059 620 2117 Audis
631 2074 697 2116 ⁵³⁰0
708 2073 772 2114 ⁰¹¹⁰!
787 2058 860 2130 ¹⁰(itli
882 2057 918 2114 de
931 2057 1038 2115 Melitt-
1092 2066 1168 2122 ribus
1182 2064 1252 2121 allici
1265 2106 1274 2132 ,
1287 2066 1400 2138 cogique
1412 2080 1443 2121 eu
1458 2066 1556 2131 iacere,
1572 2080 1632 2137 egunt
1644 2065 1740 2121 uolurrt
1754 2065 1894 2122 immines.

242 2156 303 2223 riu,
313 2154 359 2227 qui
373 2151 497 2211 lroutines
509 2154 663 2210 dantonum
689 2152 843 2209 incursione
864 2152 1017 2209 laborantes
1031 2194 1039 2219 ,
1060 2184 1063 2191 Δ
1093 2156 1152 2214 atta
1165 2156 1247 2215 etium
1261 2156 1359 2213 ibidem
1374 2157 1573 2213 animadvertes
1587 2198 1595 2224 ,
1611 2157 1708 2229 quibus
1723 2158 1798 2230 plura
1812 2199 1822 2226 ,
1835 2174 1896 2229 qum

214 2233 221 2243 “
246 2247 323 2319 aptis
332 2246 460 2305 remediis
472 2261 568 2303 curare
589 2245 761 2304 credebatur.
783 2243 880 2301 Nonne
899 2258 966 2316 ergo
978 2242 1043 2301 inde
1097 2247 1230 2305 bactenus
1244 2248 1278 2305 de
1291 2248 1448 2305 menendum
1463 2248 1773 2323 destronurnprustigiis
1798 2250 1895 2323 dispu-

239 2340 331 2413 coliigi
345 2347 435 2412 potest
446 2338 504 2396 baec
516 2339 635 2405 renmdia
664 2354 680 2394 a
695 2339 861 2396 Tertulliano
884 2338 941 2394 sois
956 2336 1042 2395 nomi·
1095 2341 1212 2397 lauimus
1224 2340 1377 2397 coribrmari
1390 2348 1416 2397 et
1436 2340 1561 2396 illustrari
1576 2350 1699 2413 pomtrru.
1709 2341 1816 2413 Adiecit
1828 2342 1895 2399 Ter·

239 2431 340 2500 nibus,
367 2432 414 2489 sed
440 2432 557 2489 intentu
580 2434 641 2503 eius
665 2431 801 2501 corruptis
813 2430 959 2503 appellari,
981 2445 1044 2501 qum
1097 2430 1226 2495 tullianus
1238 2431 1299 2487 illus
1314 2430 1469 2488 immundos
1483 2432 1596 2502 spiritus
1619 2431 1750 2489 declarari
1772 2433 1892 2507 irrepara-

240 2524 376 2582 Firmiens
387 2524 537 2595 generatim
561 2532 665 2579 tantum
690 2532 769 2579 uocat
788 2523 918 2592 remedie,
945 2523 1044 2595 quibus
1094 2521 1199 2578 tintinnis
1213 2523 1309 2595 linguis
1322 2532 1409 2579 natatu
1422 2524 1535 2595 ipsoram
1549 2564 1557 2591 ,
1570 2532 1617 2579 aut
1629 2524 1677 2595 unt,
1689 2524 1761 2592 nris,
1776 2536 1805 2580 ut
1814 2534 1894 2583 austes

240 2617 385 2675 exorcista
406 2634 423 2674 a
445 2615 578 2674 llcrcurio
600 2616 684 2683 laeti,
711 2617 864 2674 damonum
890 2619 1044 2675 incursione
1094 2613 1267 2683 dicebamus,
1283 2614 1454 2683 inbainbant,
1468 2615 1624 2671 etinrmoac
1638 2614 1810 2673 uictimarum
1832 2634 1894 2673 san·

243 2710 539 2769 nexatosttberabnntt
561 2711 671 2768 Certum
687 2712 786 2782 quippe
810 2711 954 2783 cstipsum
973 2711 1043 2768 Ter·
1095 2707 1462 2778 guinecontaminabnntur,
1489 2716 1536 2761 aut
1553 2706 1599 2778 neri
1623 2704 1896 2766 Cltristiauorurnad·

242 2802 385 2873 tullianum
399 2811 457 2858 toto
472 2802 524 2859 hoe
536 2803 564 2858 in
579 2803 640 2859 loco
653 2802 690 2859 de
701 2803 733 2859 iis
753 2816 907 2860 sermonem
931 2803 1043 2873 lacere,
1094 2798 1230 2869 iuratione
1242 2800 1320 2858 lateri
1330 2802 1560 2873 cotttpellsbantur
1573 2799 1656 2867 illud.
1670 2804 1741 2876 quod
1758 2820 1893 2878 concepe·

242 2908 314 2967 quos
334 2890 486 2951 adarnone
506 2903 581 2952 actos
604 2882 714 2967 quidam
736 2894 839 2967 magica
865 2904 925 2954 arte
947 2912 1045 2954 corneo
1096 2899 1175 2957 rant,
1192 2906 1291 2949 numen
1306 2893 1454 2951 nondeum
1468 2910 1549 2967 mse,
1565 2897 1612 2955 sed
1627 2899 1789 2955 damonem.
1806 2896 1894 2953 ilion·

243 2986 344 3044 lrustra
357 2986 523 3044 nitebantur.
539 2986 593 3045 Sed
607 2987 649 3043 bis
666 2987 725 3061 ipse
737 2988 845 3045 demon
857 2986 1046 3069 a'Cltristinuis
1095 2986 1155 3041 cius
1166 2992 1256 3042 autem
1276 2984 1351 3042 Felix
1365 3002 1429 3044 usus
1443 2997 1485 3045 est
1496 2992 1606 3049 nonnos
1629 2993 1778 3065 inepnroto,
1802 2989 1848 3044 ubi
1861 2988 1895 3044 dc

245 3079 407 3161 adjumtus,
438 3078 582 3135 confestim
615 3079 819 3151 expellebatur,
845 3080 1046 3153 cogebaturque
1096 3075 1488 3147 lalsicurjusiibctdeistatua:
1505 3082 1827 3155 instrumentoque,
1850 3082 1895 3135 lro·

244 3186 347 3230 nomen
368 3188 447 3229 sunm
471 3174 562 3239 edere,
584 3183 716 3231 etiterum
729 3173 942 3231 etrtsttanorum
959 3175 1081 3243 beurnc
1098 3168 1166 3225 udae
1177 3168 1429 3244 betoniscurtem.
1442 3170 1530 3229 Ortus.
1546 3192 1607 3249 pap.
1622 3174 1711 3247 dul).
1727 3171 1894 3231 Etl’ruden·

245 3264 381 3325 cortduri.
396 3256 425 3325 Si
450 3269 511 3339 quis
535 3279 625 3326 tamen
650 3268 763 3325 meliora
777 3268 856 3326 nobis
868 3272 1044 3343 suggesserit,
1098 3264 1151 3319 tius
1163 3270 1256 3335 postea
1270 3262 1304 3319 de
1318 3262 1442 3334 Apolline
1456 3268 1553 3323 cecinit
1569 3285 1576 3321 :
1599 3284 1604 3305 τ

244 3357 309 3415 ltuic
321 3358 402 3432 piane
411 3373 465 3414 oon
478 3358 680 3415 reluctabimur.
1190 3356 1247 3431 llos
1258 3357 1326 3409 tteuit
1337 3359 1473 3422 impuratus
1482 3361 1588 3427 mulsum
1599 3362 1667 3425 praet

282 3449 373 3524 Pergit
384 3461 476 3509 autem
489 3450 687 3521 Tertullianus,
714 3461 743 3510 et
756 3462 913 3513 constanter
937 3469 1046 3513 assera-
1190 3419 1274 3471 Μ’
1404 3420 1484 3473 md·
1497 3431 1620 3489 ‘numm'
1634 3420 1850 3477 mmm

246 3528 289 3599 rai
311 3542 380 3599 nibil
402 3542 455 3599 boe
477 3543 686 3599 christianorum
710 3554 904 3616 opere,atque
927 3543 1062 3603 deducta.
1394 3542 1543 3585 *imum
1564 3543 1612 3585 W·

246 3633 311 3691 inde
331 3637 564 3706 argumentatione
585 3636 735 3707 simplicius
761 3644 790 3692 ct
815 3636 931 3693 lidelius.
949 3636 979 3693 ln
999 3637 1047 3695 ilio
1099 3619 1318 3689 Qilmlloellill
1333 3618 1506 3675 stillulam
1517 3620 1824 3692 ‘lilii'm‘ill'mil‘il‘
1839 3614 1895 3671 'lii‘

247 3726 348 3799 quippe
359 3728 424 3783 ntttt
434 3769 442 3795 ,
454 3728 562 3798 inquit,
579 3730 703 3801 tusmcuri
716 3728 810 3785 licebit.
827 3728 916 3802 llnpiu
930 3740 975 3785 out
996 3734 1048 3787 ali·
1133 3716 1286 3787 confirmet,
1300 3714 1370 3785 limi
1393 3713 1522 3770 “miili
1534 3716 1567 3769 “i
1592 3715 1624 3769 ἦ*
1635 3756 1644 3781 r
1657 3728 1714 3784 iil&
1726 3710 1892 3776 obsidebunt,

247 3834 298 3890 gun
309 3819 554 3892 mutuandifullncin
568 3820 625 3890 fieri
638 3820 742 3888 dicetis,
756 3821 780 3877 si
790 3822 857 3877 oculi
869 3822 945 3878 nestri
957 3831 981 3878 et
999 3838 1047 3877 nrt·
1133 3807 1267 3863 millium
1293 3804 1443 3877 ‘illidii‘
1470 3806 1541 3861 ”⁶¹5⁰
1561 3805 1637 3861 ruodo
1648 3806 1801 3878 ejicerentur
1815 3802 1854 3859 Νι
1865 3802 1894 3857 ‘²⁶

246 3926 289 3966 m
312 3911 472 3981 permiserim
492 3913 562 3967 popl,
575 3912 739 3985 greacorum„
764 3913 900 3985 Apptoqeg
926 3932 986 3987 009,
998 3914 1046 3984 23,
1102 3970 1121 3991 .-.
1134 3898 1283 3965 exorcistis,
1299 3900 1338 3955 tel
1362 3898 1420 3953 aliis
1441 3896 1604 3964 Cltrt'stiunt's,
1627 3914 1691 3968 nuos
1710 3899 1823 3952 timentes
1839 3894 1893 3950 odit

248 4000 299 4056 col.
313 4000 394 4071 liuta
404 4005 492 4074 itque
504 4004 539 4058 ita
553 4004 687 4075 Rigaitius
697 4003 769 4061 butue
777 4004 935 4061 Tertulliani
946 4007 1047 4075 locum,
1135 3990 1277 4059 trudebant,
1290 3990 1403 4063 ipsisque
1414 3999 1487 4045 ΜΝ
1501 3990 1607 4060 “illidi
1621 4005 1631 4047 ·'
1643 4006 1693 4061 ‘iii
1707 4005 1783 4045 *Μ
1804 3989 1893 4059 dape·

248 4092 323 4149 nulla
337 4104 401 4149 noto
424 4095 496 4150 saria
510 4096 624 4153 lectione
638 4138 646 4161 ,
662 4097 809 4158 ennecone
832 4115 887 4155 nott
902 4099 1046 4158 hesitavit.
1134 4092 1191 4157 ratu
1204 4083 1297 4137 ΜΨ
1319 4081 1423 4137 illisum
1435 4080 1569 4149 illidium
1595 4100 1627 4138 ac
1640 4082 1673 4139 tle
1697 4097 1778 4151 poenoe
1800 4094 1891 4145 rnorc,

248 4181 280 4239 lu
301 4185 419 4256 antiquis
446 4196 537 4244 tamen
561 4188 724 4245 editionibus
744 4189 901 4261 legebatur,
922 4192 987 4246 nibil
989 4229 1046 4249 .....
1134 4174 1317 4247 praecursum
1332 4175 1447 4247 [iiiiiioe
1460 4175 1625 4247 rtrrlignitatis
1647 4172 1741 4229 libili
1763 4175 1889 4246 [nentur.

247 4274 317 4345 fieri.
333 4274 416 4332 Dictis
429 4293 480 4333 troo
492 4278 582 4347 stetis,
599 4280 622 4335 si
645 4281 712 4335 oceli
726 4296 733 4334 ε
748 4280 774 4335 in
786 4280 890 4337 dnobus
905 4296 970 4338 coro
983 4296 1048 4339 nos·
1133 4272 1263 4331 Etbnicos
1276 4273 1409 4329 acerrime
1422 4272 1511 4329 adbuc
1524 4281 1602 4344 urget
1613 4272 1816 4343 Tertullianus,
1845 4283 1890 4342 pa·

246 4367 287 4423 ris
303 4367 441 4425 codicibus
454 4372 646 4429 vetustioribus
656 4372 769 4429 niihil...
783 4374 948 4444 pollicitis.
970 4374 1046 4432 Tunc
1099 4368 1207 4439 lantque
1221 4364 1345 4422 omnibus
1360 4364 1423 4421 lacit
1434 4373 1534 4437 qunnta
1546 4364 1625 4421 luerit
1638 4364 1849 4419 christianorum
1860 4358 1890 4417 ad

248 4460 384 4517 octodero
398 4461 558 4519 attrectent.
577 4463 638 4521 uuir
652 4465 868 4534 accerserentur,
884 4476 938 4525 cte.
958 4466 1011 4524 Seu
1024 4469 1047 4524 st
1098 4458 1229 4530 tutandos
1241 4456 1395 4523 comninos,
1409 4470 1509 4527 menne
1523 4471 1555 4511 cs
1568 4455 1741 4512 obsessorum
1755 4454 1889 4509 bominum

248 4567 309 4624 quae
321 4553 359 4609 sil
372 4552 399 4609 in
414 4554 590 4613 discernende
612 4557 727 4629 genuina
744 4558 859 4616 lectione
878 4560 1023 4617 diluentes
1037 4602 1044 4627 ,
1059 4574 1085 4634 1)
1098 4551 1256 4623 corporibus
1270 4550 1409 4621 Tellebdffi
1424 4558 1563 4621 potestas,
1579 4556 1767 4620 qrrnntmunue
1793 4547 1820 4601 5¹¹
1834 4546 1892 4601 ῙΙΙ06

215 4690 218 4699 .
248 4652 355 4701 constat
368 4654 457 4702 tumeo
471 4658 592 4718 opertum
616 4664 678 4707 csse
697 4653 815 4709 auctoris
830 4654 1045 4710 nostrisensum.
1098 4644 1263 4716 imperium:
1284 4640 1354 4697 Nom
1373 4640 1405 4696 dc
1428 4650 1562 4704 contractu,
1584 4639 1685 4709 intepuit,
1710 4638 1789 4707 deque
1810 4637 1891 4709 afflata

247 4736 319 4794 Dicit
342 4741 442 4795 etenim
457 4743 582 4798 ctlmicos
605 4734 656 4797 niort
673 4758 752 4814 posse
771 4755 817 4800 ant
833 4748 985 4818 suspicari,
1000 4756 1049 4803 aut
1099 4747 1199 4805 ¹¹⁰⁸il⁰2
1218 4732 1431 4805 liliumi’iii'l’ll
1458 4742 1482 4787 et
1504 4731 1728 4805 '‘villielmum'‘
1740 4730 1808 4800 ‘'9¹¹¹“
1826 4726 1892 4783 ''²¹⁵³“

248 4832 366 4905 objicere
381 4834 407 4889 iu
422 4836 468 4891 illo
480 4832 694 4892 Christianorum
710 4852 794 4908 opcrc
806 4838 907 4911 aliquid
929 4840 1021 4896 inesse
1038 4879 1047 4907 ,
1099 4829 1223 4901 millii.
1240 4828 1316 4883 etium
1328 4826 1360 4881 ‘¹⁰
1372 4824 1522 4897 corporibus
1534 4832 1620 4879 'iiiiii
1645 4822 1753 4894 i'illm
1771 4823 1891 4876 wilm

247 4936 295 4983 ant
306 4929 459 5000 magicum,
474 4941 521 4985 nnn
532 4928 630 4997 milax,
646 4932 726 4988 modo
740 4931 821 4989 tidem
841 4932 942 4990 „phutei
967 4933 1047 4990 indo.
1098 4922 1191 4990 inuiti,
1207 4928 1231 4975 et
1244 4920 1376 4982 dolentes,
1397 4926 1421 4972 et
1438 4916 1507 4973 uoltis
1533 4913 1699 4995 praecinitur
1723 4911 1891 4969 erubescentes

247 5019 314 5076 mita
328 5020 508 5079 obstinatione
522 5036 572 5079 nec
595 5023 659 5079 caci
681 5023 754 5091 sint,
779 5037 829 5080 nec
843 5024 928 5081 surdi.
949 5023 1047 5083 Videre
1098 5014 1262 5087 (imilliae
1287 5012 1421 5083 Audisti·
1447 5026 1506 5077 ΜΡ·
1531 5008 1584 5077 25,
1611 5007 1660 5063 ⁶⁰¹·
1686 5005 1762 5077 “ili-
1789 4999 1890 5061 Etbnici

247 5113 380 5185 siquidem
394 5114 472 5172 facite
494 5125 711 5189 ponemgqugm
734 5115 1047 5189 simplictmodpcgfgg.
1099 5109 1180 5181 igitur
1205 5106 1275 5162 rtulln
1303 5102 1422 5177 prolecto
1447 5103 1572 5168 ratione,
1598 5116 1649 5157 nec
1674 5100 1725 5157 uisi
1754 5098 1890 5155 obllrmata

248 5203 316 5261 tiani
328 5215 458 5277 agerent,
472 5216 554 5277 atqnne
564 5207 646 5263 etiam
660 5207 798 5264 daemones
812 5207 907 5265 audire
918 5207 1048 5267 conliten·
1100 5216 1231 5275 broriust
1251 5214 1301 5257 ¹¹0⁰
1324 5212 1440 5267 ⁸¹¹¹<ii¹³¹¹¹
1455 5196 1585 5252 liniendi
1600 5195 1784 5253 ⁰b⁵²l¹¹ili⁰¹¹0
1796 5203 1890 5265 ΜΝ

250 5308 292 5355 tes
303 5297 411 5356 sedens
424 5313 518 5355 resera
533 5316 586 5356 non
598 5315 679 5369 esse,
695 5299 742 5358 sed
757 5299 910 5357 immundos
923 5299 1045 5373 spiritus,
1097 5304 1222 5369 poterant
1233 5293 1420 5351 etdurmonum
1429 5289 1651 5355 imbellicitatem,
1662 5299 1688 5345 et
1700 5288 1795 5344 miram
1803 5283 1890 5343 (ibris-

249 5391 282 5447 od
294 5392 420 5447 malitiam
434 5378 621 5461 prcdunmctos
634 5394 661 5447 in
668 5392 763 5464 judicii
777 5392 845 5447 diere
857 5408 916 5447 enm
929 5393 1047 5449 ottenidur
1098 5382 1272 5447 tianorum'in
1283 5400 1331 5443 eos
1341 5383 1507 5456 potenttinut,
1521 5396 1573 5454 qua
1586 5381 1725 5453 religionis
1739 5394 1797 5436 suus
1812 5375 1889 5433 ueri·

248 5482 387 5539 cultoribus
400 5493 424 5539 et
436 5484 610 5555 operatoribus
622 5484 674 5539 sais
687 5482 796 5556 (ltin).
811 5482 883 5555 Quin
894 5484 975 5540 etium
995 5481 1047 5554 ipsi
1098 5491 1180 5540 tutem
1193 5480 1343 5537 rneridlnuu
1354 5476 1529 5559 solecismus
1542 5474 1773 5539 demonstrabant.
1814 5536 1817 5543 ,

249 5576 387 5635 demones
400 5593 453 5634 non
467 5585 591 5650 poterant
602 5616 611 5643 ,
624 5576 795 5635 audientibus
813 5578 937 5649 ipsismet
957 5574 1047 5633 etbui-
1067 5558 1070 5565 ’
1133 5573 1170 5631 At
1182 5570 1287 5644 rogabit
1297 5568 1408 5627 iorsitan
1420 5567 1518 5640 aliquis
1541 5576 1632 5623 utrum
1647 5565 1684 5623 ibi
1711 5562 1889 5622 Tertullianus

247 5670 362 5740 eis,sure
370 5669 615 5743 saltemipnooninioe
630 5677 655 5725 et
673 5669 845 5727 dannationis
869 5680 956 5727 notatu
975 5667 1048 5733 rele-
1098 5667 1133 5724 de
1152 5664 1252 5722 nostris
1275 5672 1379 5719 tantum
1394 5660 1536 5726 exorcistis
1548 5658 1686 5731 loquatur.
1700 5654 1768 5713 Nam
1783 5652 1889 5727 Cypria·

248 5772 304 5819 rnre
314 5803 324 5836 ,
336 5776 385 5823 scu
399 5772 489 5836 tegere
499 5803 508 5835 ,
518 5762 621 5822 diluere
632 5804 641 5836 ,
652 5762 777 5822 iniciari.
792 5762 975 5832 Quamobrem
985 5762 1048 5822 ilios
1099 5774 1150 5821 nus
1162 5758 1207 5819 ubi
1218 5756 1253 5818 de
1264 5756 1307 5817 bis
1315 5796 1324 5831 ,
1336 5770 1398 5834 qun
1411 5764 1534 5830 tempore
1558 5766 1609 5827 suc
1620 5751 1679 5811 lieri
1699 5748 1844 5819 solcbant,
1858 5739 1889 5801 al
