4084 6334
174 311 236 377 sss
628 257 639 311 ⁷
828 313 876 373 an
892 305 1147 375 uanoussun.
1165 312 1200 373 u.
1427 254 1434 261 ’
1769 312 1826 379 sm

174 434 235 491 rios
245 432 283 506 (a)
293 428 388 490 ordine
398 436 553 490 transcurso
566 438 706 491 remensus
718 436 773 501 cst,
783 437 814 490 ut
827 429 976 490 taccamde
987 434 1017 495 A
1028 429 1164 499 laesimus,
1180 428 1281 503 pariter
1297 424 1507 504 indignationem
1525 444 1620 489 eorum
1640 445 1830 505 provocamus.

173 524 311 584 lumnica
324 526 408 599 gloria
418 524 468 600 (d).
1032 523 1143 581 llahetis
1158 530 1185 580 et
1199 537 1248 581 ros
1259 524 1367 583 tertium
1380 540 1475 597 genus,
1487 526 1539 584 etsi
1550 541 1603 583 non
1616 525 1649 583 de
1664 530 1743 585 tertio
1755 530 1830 597 ritu,

216 618 261 678 te.
286 619 447 692 hucusque,
469 619 584 693 opinor,
609 618 745 678 horrenda
767 620 980 679 obstinationum
1030 626 1150 673 attamen
1170 615 1205 673 de
1227 616 1307 674 tertio
1325 632 1392 675 sexu
1409 618 1461 691 (d).
1474 618 1541 677 illud
1561 619 1650 691 aptius
1667 620 1702 676 dc
1724 621 1782 677 tiro
1803 628 1832 679 et

174 710 406 780 christianarum
430 727 492 784 quae
514 715 537 771 si
562 712 699 771 uobiscum
730 715 978 783 communicamus,
1029 708 1151 781 immina,
1164 698 1394 769 ririsetioeminis
1410 706 1543 783 juncturis.
1560 714 1613 769 dut
1629 714 1758 787 numquid
1770 714 1830 784 ipso

175 811 304 875 superest
315 802 461 861 deridenda
479 818 656 875 personarum
676 804 863 874 oonieramus;
881 822 978 879 quam·
1029 816 1079 859 tos
1093 801 1208 873 collegio
1220 801 1400 859 offendimus?
1411 802 1487 861 Solet
1499 804 1637 877 equalitas
1649 805 1830 862 aemulationis

175 909 260 967 quam
273 894 309 954 de
320 896 537 967 persuasionibus
549 898 638 955 omnis
646 898 791 956 obstinatio
805 909 898 957 nostra
910 914 980 972 pras
1030 897 1170 954 materiam
1184 896 1399 953 subministrare.
1411 895 1457 955 Sic
1473 896 1571 968 lignlus
1584 897 1666 970 ligulo
1677 940 1685 967 ,
1698 897 1773 956 inber
1786 898 1828 955 la-

175 988 313 1045 struitur:
326 997 494 1047 mortuorum
506 991 578 1048 euim
592 992 781 1063 presumimus
793 994 980 1051 resurrectio·
1030 988 1080 1045 hro
1092 987 1205 1046 inridet.
1220 978 1278 1045 lu'ro
1289 988 1347 1061 jam
1358 988 1393 1047 de
1406 989 1461 1045 dne
1475 988 1598 1046 simulata
1611 988 1746 1049 confessio
1757 988 1832 1049 redi·

177 1096 253 1137 uem.
267 1080 337 1154 Spes
346 1082 553 1141 resumentionis
565 1082 701 1141 fastidium
713 1093 756 1142 est
764 1087 871 1143 mortis.
883 1086 979 1145 llidete
1030 1083 1069 1157 git
1091 1084 1284 1141 conscientiam
1309 1082 1343 1141 ad
1373 1084 1514 1141 veritatem
1539 1091 1567 1140 et
1591 1083 1625 1141 ad
1652 1085 1833 1141 constantiam

177 1174 260 1247 igitur
272 1174 469 1247 guantumlihct
489 1176 687 1249 stupidissimas
705 1188 829 1249 mentes,
846 1194 906 1253 quos
918 1195 979 1238 nto·
1031 1176 1172 1245 ueritatis,
1185 1176 1260 1246 (nam
1272 1175 1363 1232 otnuia
1389 1176 1440 1233 ista
1460 1176 1487 1233 iu
1510 1174 1587 1233 nobis
1613 1176 1679 1234 solis
1695 1186 1789 1247 erunt,
1804 1187 1834 1235 et

177 1268 285 1325 riuutur
295 1276 327 1325 ut
339 1268 430 1326 riraut
441 1284 450 1336 ;
463 1267 511 1327 sed
525 1284 580 1341 quo
592 1267 700 1327 iacllius
709 1270 820 1327 rideatis
832 1279 862 1327 et
876 1270 980 1329 resolu·
1031 1286 1048 1328 a
1070 1269 1148 1329 nobis
1166 1271 1232 1328 solis
1246 1272 1441 1340 revincuntur,
1455 1270 1552 1344 qulbus
1566 1268 1640 1327 illata
1655 1272 1746 1344 sunt;)
1757 1272 1834 1343 agni·

178 1362 233 1417 tius
244 1360 458 1432 decachinnetis,
469 1371 578 1435 arrcpra
590 1363 702 1436 spongia
715 1363 759 1422 rel
770 1364 877 1421 interim
888 1364 978 1436 lingua
1030 1363 1105 1422 tione
1118 1365 1223 1422 seilicet
1235 1363 1349 1421 diuersae
1372 1363 1473 1437 partis,
1489 1363 1561 1420 unde
1578 1364 1689 1421 scicntia
1704 1364 1835 1422 instructa

93 1518 97 1523 ,
177 1454 267 1512 delete
280 1454 384 1513 litteras
404 1456 511 1513 interim
534 1465 646 1525 rostras,
661 1472 722 1530 qua
735 1457 860 1516 similiter
871 1472 980 1517 assere·
1031 1469 1060 1517 et
1084 1458 1228 1517 consilium
1250 1458 1364 1532 inspirat
1385 1470 1414 1517 et
1429 1456 1561 1531 iudicium
1581 1458 1723 1530 gubernat.
1737 1456 1837 1515 Vestra

176 1555 241 1603 rant
261 1546 367 1604 animas
388 1548 415 1605 in
437 1562 553 1621 corpora
572 1548 716 1607 redituras.
730 1550 858 1608 Attamen
878 1560 979 1623 quanto
1015 1550 1147 1621 denique
1166 1549 1299 1607 sententia
1321 1558 1384 1617 est,
1399 1565 1433 1606 ne
1452 1562 1576 1605 caussam
1596 1550 1657 1621 quis
1669 1548 1771 1621 judicet
1785 1548 1835 1621 (a),

177 1639 369 1712 acceptabilior
381 1648 475 1698 norma
489 1642 664 1713 presumptio
675 1649 737 1711 est,
758 1658 820 1715 guae
833 1642 861 1699 in
883 1643 978 1701 eadem
1031 1642 1083 1699 uisi
1103 1640 1208 1698 duobus
1228 1641 1338 1701 auditis.
1361 1639 1439 1711 erod
1459 1640 1487 1697 in
1501 1640 1578 1697 nohis
1593 1640 1658 1697 solis
1674 1640 1832 1713 negligitis,

72 1750 79 1762 ·
176 1746 292 1804 corpora
321 1730 456 1791 redituras
485 1732 625 1791 delenditl
646 1733 724 1791 vohis
753 1744 844 1792 autem
875 1743 978 1807 quanto
1030 1731 1489 1803 uaturaeritlosatisfacitis,2utquae
1502 1732 1529 1787 in
1542 1730 1829 1803 nohisjnonrelutetis,

177 1828 274 1884 uanius
296 1826 424 1885 traditum
445 1837 507 1896 est,
522 1827 640 1885 hominis
663 1827 786 1900 spiritum
806 1828 834 1885 in
853 1843 921 1885 cane
933 1827 978 1885 rel
991 1806 1017 1866 Β
1030 1828 1059 1885 in
1070 1826 1131 1883 aliis
1201 1827 1245 1894 tis,
1261 1834 1308 1881 aut
1322 1840 1438 1897 quorum
1450 1832 1554 1881 reatum
1567 1825 1594 1881 in
1606 1823 1683 1881 vohis
1697 1822 1831 1880 memine-

178 1920 252 1980 mulo
263 1930 309 1978 aut
322 1936 427 1994 partme
440 1920 685 1979 rediturumlltem
694 1922 825 1995 iudicium
835 1922 979 1980 annuutia-
1029 1918 1100 1986 ritis,
1111 1932 1142 1975 ea
1153 1916 1180 1973 in
1191 1916 1260 1973 alios
1270 1918 1377 1987 jactetis
1449 1928 1533 1987 opere
1547 1914 1732 1986 occupatiores
1745 1913 1836 1985 eritis,

179 2030 239 2071 mos
254 2012 339 2072 alico
351 2028 401 2087 pro
410 2015 542 2087 cujusque
554 2014 658 2072 meritis
670 2022 731 2085 post
742 2014 879 2071 interitum
892 2013 977 2071 desti·
1029 2012 1057 2070 in
1072 2017 1216 2069 extraneos
1228 2010 1306 2079 casti,
1316 2010 1344 2066 ln
1359 2008 1538 2081 vosmetipsos
1550 2007 1656 2075 incesti,
1668 2008 1833 2066 exsertiores

179 2115 283 2163 natum.
309 2105 339 2164 ld
361 2121 411 2165 ros
433 2105 515 2163 Minoi
540 2116 568 2163 et
594 2104 782 2163 lindamantho
804 2104 977 2174 adscribitis,
1028 2107 1105 2176 loris,
1119 2104 1233 2177 subjecti
1255 2103 1339 2162 domi.
1353 2103 1417 2161 llaec
1437 2111 1481 2161 est
1498 2102 1686 2175 iniquitas,ut
1703 2102 1780 2174 gnari
1797 2100 1834 2158 ab

182 2198 299 2271 iustiore
319 2194 428 2257 iuterim
449 2197 567 2256 Aristide
587 2206 724 2257 recusato.
746 2196 787 2255 llo
803 2196 906 2270 judicio
925 2198 978 2254 ini·
1030 2198 1142 2273 ignaris,
1156 2198 1301 2255 absolutis
1318 2198 1373 2255 reis
1389 2197 1552 2268 iudicemur.
1573 2194 1684 2253 Aulerte
1705 2194 1832 2268 stipulam

179 2305 248 2363 quos
268 2298 371 2348 eterno
393 2290 465 2364 igni,
482 2290 543 2363 pios
564 2298 593 2347 et
610 2290 731 2349 insontes
749 2304 858 2347 moeno
876 2290 904 2346 in
918 2289 979 2347 loco
1030 2293 1064 2351 de
1077 2290 1155 2349 oculo
1168 2298 1277 2359 uestro,
1290 2299 1336 2347 aut
1349 2288 1456 2347 trahem
1470 2288 1505 2346 de
1519 2286 1598 2345 muto
1617 2295 1726 2357 uestro,
1739 2296 1768 2343 ut
1782 2287 1833 2345 sti·

180 2380 294 2437 dicimus
304 2382 510 2454 perpetuitatem
522 2388 714 2439 transacturos.
724 2381 802 2454 Apud
815 2396 898 2440 uos...
908 2395 978 2455 quo·
1029 2387 1121 2461 palam
1141 2381 1175 2442 de
1199 2384 1289 2442 alieno
1308 2382 1456 2441 extrahatis
1470 2382 1521 2455 (l).
1538 2381 1689 2439 Emendate
1704 2382 1832 2438 vosmeti-

179 2458 233 2541 uue
254 2474 517 2548 Pyriphlegethontis
539 2484 569 2533 et
591 2474 677 2549 Elysii
704 2489 760 2533 nott
784 2476 837 2533 alia
857 2475 978 2535 conditio
1029 2497 1095 2555 psus
1108 2483 1193 2556 prius,
1209 2486 1239 2536 ut
1251 2477 1413 2535 christianos
1428 2474 1565 2547 puniatis;
1581 2475 1633 2531 nisi
1654 2474 1726 2547 qdod
1740 2488 1832 2533 emen·

179 2566 340 2639 mihimilli·
358 2566 416 2626 Νθθ
434 2569 546 2641 mimici
559 2583 591 2624 ²⁰
604 2566 702 2641 l>⁰ilici
716 2568 767 2626 ⁸⁰¹1
780 2568 844 2625 talia
856 2578 976 2637 mourut,
1029 2576 1173 2644 daveritis,
1188 2588 1243 2630 non
1257 2570 1391 2643 punietis,
1405 2569 1460 2626 inre
1472 2568 1548 2625 eritis
1567 2566 1724 2635 christiani,
1735 2565 1790 2623 imo
1809 2568 1833 2625 si

179 2658 229 2717 sed
242 2668 270 2717 eu
288 2660 443 2734 philosophi
458 2660 497 2733 (c)
510 2661 545 2719 do
559 2662 712 2718 animorum
724 2662 936 2733 reciprocatione
950 2672 978 2719 ei
1028 2668 1135 2727 fueritis
1157 2664 1317 2733 christiani,
1346 2662 1422 2719 eritis
1453 2659 1607 2740 emendati.
1631 2660 1731 2716 llisoitc
1759 2659 1832 2731 quod
1910 2669 1912 2673 ·

178 2753 272 2827 judicii
301 2754 490 2813 “lillibiiifflw
521 2754 692 2812 ⁰⁰¹¹flf¹¹¹²¹¹h
731 2752 864 2824 Quoniam
896 2754 977 2828 ibitur
1029 2763 1058 2822 in
1076 2763 1155 2821 nobis
1173 2758 1317 2825 accusetis,
1331 2764 1360 2814 et
1375 2754 1614 2813 nonancusahitie.
1636 2752 1833 2824 Recognoscite

166 2842 283 2919 'usqum
303 2848 479 2922 iniquissimos
502 2848 644 2920 nationes,
664 2864 720 2905 non
742 2849 906 2921 agnoscitis,
921 2848 978 2905 imo
1028 2853 1094 2928 quid
1115 2854 1143 2911 iu
1163 2852 1241 2909 vohis
1266 2864 1320 2907 nou
1337 2848 1491 2916 accusetis,
1510 2854 1538 2904 et
1558 2845 1727 2903 accusabitis.
1754 2845 1834 2902 Putet

180 2940 291 3013 insuper
302 2942 480 3000 exsecramini
489 2951 605 3011 vestros,
619 2943 643 2999 si
654 2942 723 3000 nihil
737 2944 808 3001 luter
822 2957 873 3001 tos
884 2942 974 2999 dlrer·
997 3008 1005 3020 ,
1027 2946 1111 3005 etiarn
1127 2944 1192 3001 hinc
1217 2941 1305 3011 vohis,
1333 2948 1462 3013 quantum
1482 2938 1589 3011 aperire
1610 2936 1776 3010 potuerimus
1793 2938 1833 3011 (e

178 3033 244 3091 sitas
265 3032 365 3105 hahet,
384 3034 408 3093 si
429 3050 512 3092 unum
539 3043 568 3093 et
589 3034 678 3093 eidem
701 3050 812 3104 sumum
834 3035 898 3109 quia
920 3049 974 3091 non
1021 3036 1120 3112 ‘paucis
1134 3038 1195 3095 istis
1211 3032 1372 3106 libellulis),
1388 3032 1489 3091 erroris
1509 3032 1642 3105 inspectio
1664 3041 1692 3088 ct
1711 3032 1833 3091 veritatis

179 3124 276 3184 odistis
296 3128 368 3200 quod
386 3127 544 3187 estisadate
558 3128 674 3195 ‚dextras
691 3130 797 3203 potius,
810 3128 975 3201 compingite
1026 3131 1186 3205 recognitio.
1197 3128 1329 3187 Damnate
1347 3126 1560 3194 ueritatemsed
1574 3126 1722 3197 inspectam
1742 3124 1767 3182 si
1784 3140 1833 3197 po·

178 3218 288 3285 oscula,
308 3219 422 3277 miscete
442 3220 617 3293 complexus,
636 3222 741 3281 cruenti
760 3236 823 3279 cum
842 3222 972 3291 cruentis,
987 3182 1011 3248 c
1027 3224 1104 3282 testis
1115 3264 1124 3293 ,
1136 3230 1165 3281 et
1179 3220 1290 3295 probate
1304 3234 1443 3287 errorem,
1462 3216 1511 3275 sed
1528 3225 1664 3288 repertum
1675 3218 1698 3273 si
1717 3218 1829 3288 putatis.

178 3308 275 3368 incesti
289 3324 351 3366 cnm
370 3309 497 3382 incestis,
509 3311 643 3383 coniurati
655 3326 719 3370 cum
736 3313 903 3385 conjuratis,
922 3313 974 3371 oh·
1025 3314 1128 3387 Quodsi
1141 3313 1325 3387 prescribitur
1337 3311 1417 3381 robis
1438 3322 1558 3369 errorem
1579 3322 1671 3365 amare
1694 3315 1722 3362 ct
1740 3307 1831 3365 odisse

177 3391 975 3477 stinatletraiaicumequahhtu.iariterdcommuumina
1025 3408 1248 3475 ueritatctusour
1260 3404 1333 3478 quod
1345 3403 1443 3462 amaus
1455 3410 1483 3459 ct
1494 3398 1599 3470 odistis,
1611 3414 1666 3458 nou
1678 3397 1829 3457 noveritis?

797 3608 989 3675 luculentus
1005 3612 1213 3676 taetantes.
1504 3668 1510 3687 ,

209 3721 248 3791 (l)
264 3722 370 3778 tronea
382 3720 417 3776 ud
427 3722 532 3791 apolog.
552 3722 593 3779 w.
610 3724 706 3779 eumd
716 3724 822 3781 sutem
836 3728 934 3783 trahem
944 3731 978 3785 de
1032 3731 1106 3787 oculo
1116 3736 1209 3795 restro,
1218 3725 1411 3795 utstipulatudc
1420 3722 1502 3779 aheno
1512 3724 1661 3833 ettlrahalis2

856 3835 1140 3899 COMMENTARIUS.

211 3948 252 4025 (a)
264 3947 337 4006 luter
347 3951 500 4007 cenchrim.
513 3948 596 4011 libro
605 3948 641 4011 ad
649 3951 791 4028 ldartyras.
806 3952 881 4013 luter
890 3970 971 4015 rena-
1023 3958 1044 4015 Γ
1062 3953 1104 4027 (d)
1124 3948 1823 4023 barattartmamttunprumtterandersmerus,

177 4030 264 4079 tortum
282 4030 399 4079 moreau.
419 4020 533 4079 lituum.
1023 4035 1150 4083 narrante
1163 4023 1338 4094 lampridio,
1354 4024 1460 4080 tertium
1475 4036 1560 4095 genus
1574 4022 1712 4079 hominum
1725 4024 1819 4081 Eunu-

211 4092 252 4166 (b)
274 4091 310 4149 llt
323 4093 464 4171 tmeom'de
477 4092 605 4153 uermes
622 4097 715 4171 gloria.
728 4096 774 4157 Sic
787 4098 859 4171 apud
873 4099 971 4158 Petro·
1021 4097 1089 4154 chus
1101 4110 1162 4153 esse
1173 4094 1295 4160 dicebat,
1310 4110 1361 4153 nco
1374 4093 1535 4158 uidendum,
1549 4108 1599 4151 nec
1612 4095 1640 4150 in
1655 4108 1704 4150 usu
1719 4096 1822 4157 baben.

175 4162 268 4231 flium.
282 4164 445 4236 Eumolpus,
458 4174 482 4222 et
493 4182 539 4238 ego
552 4169 654 4240 guden
668 4178 718 4227 trra
732 4171 824 4244 pirgos
839 4170 973 4245 Spartano
1024 4168 1087 4225 dum
1101 4182 1116 4223 a
1130 4166 1211 4233 viris,
1223 4167 1270 4223 sed
1285 4166 1328 4222 uix
1341 4180 1357 4221 a
1371 4164 1478 4221 leminis
1497 4166 1640 4221 nobilibus.
1656 4164 1717 4223 llic.

174 4234 305 4293 nobilitate
323 4235 440 4293 coocoah
455 4236 495 4293 lus
514 4238 564 4296 Pn.
1060 4238 1100 4314 (e)
1120 4236 1339 4309 Necoummquir
1347 4235 1456 4309 judicet.
1468 4234 1816 4309 lustitioelcgospostuluut,

209 4326 248 4401 (ρ)
267 4326 322 4385 sgg
331 4339 355 4385 θ,
366 4328 686 4401 pgggmpggpgonmgum
694 4344 783 4407 ,Μ
794 4335 893 4407 quibu,
907 4350 968 4395 om,
1023 4320 1052 4366 ut
1064 4326 1152 4367 causru
1162 4308 1392 4379 llutdisceptutio,
1407 4315 1550 4377 antequam
1561 4307 1689 4395 iudicium
1703 4308 1817 4376 lerator,

173 4397 218 4453 nia
228 4398 452 4458 comminiscendi
463 4410 582 4473 potestas
593 4403 655 4462 data
665 4418 799 4474 est,rana
809 4408 853 4463 illa
864 4410 969 4466 somnia
1022 4376 1491 4453 ”⁰⁶⁰³iudsemmtffledffl’w·
1505 4376 1818 4449 ¹¹³⁵⁰·²·⁵¹⁰C¹⁰⁰¹¹‘⁰¹¹¹

173 4477 202 4524 et
212 4470 289 4526 uacui
308 4468 413 4528 cerebri
435 4471 607 4529 deliramenta
630 4474 809 4544 intererunt;
823 4477 966 4535 sedetiam
1020 4452 1185 4526 ³¹¹⁰¹l¹¹i¹l¹i²

146 4596 150 4600 ,
173 4540 335 4612 philosophi,
344 4542 421 4627 ‘lique
433 4543 563 4613 majorum
577 4546 699 4616 gentium
713 4558 743 4605 ut
756 4548 844 4619 Plato,
853 4549 900 4621 qui
909 4564 968 4607 me·
1116 4566 1164 4627 Qut
1174 4566 1259 4617 statuit
1270 4564 1370 4630 aliquid,
1377 4568 1447 4630 parte
1458 4565 1564 4618 inaudita
1576 4566 1664 4630 altera,

174 4610 371 4685 tcmpsycbosm
384 4621 468 4671 tortus
479 4622 531 4671 est.
546 4613 585 4671 Ltt
598 4615 647 4673 ra.
697 4636 702 4644 ·
1118 4628 1221 4693 &uum
1230 4628 1425 4690 licetstatucrit,
1434 4628 1499 4679 lmud
1507 4642 1594 4694 aequus
1604 4628 1659 4681 luit.
1681 4628 1716 4681 La
1726 4628 1773 4681 Pr.

610 4826 848 4942 LIBER
887 4828 1337 4943 SECUNDUS.

895 5046 1088 5084 -0—2-

205 5159 233 5218 l.
244 5158 321 5219 huuc
333 5159 368 5219 dc
379 5158 438 5219 deis
449 5160 563 5233 restris,
575 5160 737 5221 miserande
750 5163 883 5233 mutones,
898 5177 966 5222 oon·
1018 5162 1169 5236 ignorantia
1188 5162 1288 5221 erroris
1300 5162 1339 5239 (α)
1407 5178 1462 5238 quo
1478 5166 1623 5239 magisrei
1637 5168 1705 5227 sitis.
1720 5168 1816 5229 Patent

170 5252 246 5323 gredi
258 5253 397 5338 uobiscum
409 5254 530 5311 delensio
542 5260 636 5313 nostra
648 5256 966 5329 desiderat,prorocaus
1017 5256 1108 5326 oculi,
1135 5269 1186 5313 neo
1205 5254 1313 5323 rideut;
1337 5256 1414 5313 ltiant
1433 5272 1532 5328 aures,
1555 5275 1605 5317 nec
1624 5260 1751 5329 audinum
1768 5276 1816 5319 cor

169 5341 256 5414 ipsam
270 5346 462 5403 conscientiam
474 5354 603 5418 vestram,
617 5346 651 5404 ad
663 5348 839 5415 censendum,
853 5364 966 5421 ansere
1017 5357 1109 5421 stupet
1126 5348 1243 5415 saliens,
1257 5349 1344 5405 noscit
1363 5348 1467 5407 animus
1485 5348 1557 5422 quod
1583 5353 1713 5424 agnoscit.
1733 5354 1816 5411 lieni·

170 5434 226 5505 dei,
239 5446 269 5492 ut
283 5436 377 5506 vultis,
385 5451 421 5495 au
433 5436 513 5507 lalso,
522 5446 552 5494 ut
564 5438 635 5496 scire
646 5454 701 5497 nou
715 5439 807 5497 ruitis.
818 5438 882 5496 llaec
893 5440 966 5499 enim
1017 5456 1093 5513 que,
1117 5440 1141 5497 si
1166 5449 1268 5498 tanum
1296 5442 1499 5512 perversitatem
1530 5459 1582 5501 una
1615 5446 1817 5519 proscriptione
1851 5432 1852 5435 ¹

169 5531 282 5592 materia
303 5541 346 5591 est
370 5532 471 5593 erroris
487 5530 597 5591 humani
617 5548 665 5606 per
686 5533 819 5616 artillcern
840 5534 916 5605 ejus,
929 5548 966 5591 ue
1017 5532 1114 5593 discuti
1126 5536 1238 5606 liceret,
1253 5534 1281 5593 iu
1293 5534 1420 5609 expedito
1433 5545 1504 5597 esset
1517 5538 1668 5609 nuntiatio,
1682 5556 1743 5599 cum
1756 5554 1816 5599 otu·

853 5648 1133 5709 cohdhltlbttttlS.

204 5762 244 5838 (a)
261 5763 413 5839 ignoratio
431 5764 524 5823 erroris
527 5800 605 5822 .......
638 5768 821 5840 supplendum,
837 5768 958 5839 tollatur,
1012 5767 1167 5841 outoliguid
1182 5767 1273 5827 docile.
1286 5768 1347 5829 litu.

415 5880 648 5945 unianimam.
664 5880 692 5945 l.
1504 5886 1704 5975 (Dio-oeus.)
