4084 6334
185 285 243 346 oss
517 270 521 283 '
827 291 1212 356 ursunuouunrunss.
1490 318 1493 323 ·
1784 310 1839 371 oso

188 408 235 474 sit,
255 404 525 481 spirituspromptus.
548 406 608 463 Non
626 420 691 480 ergo
708 406 786 465 nobis
804 406 983 475 blandiamur,
998 408 1680 489 Aatheniensislqumconseiaconjurationis,cum
1691 431 1835 497 propterea

189 501 251 574 quia
278 498 407 558 Dominus
438 500 578 557 consensit
610 514 719 558 earnem
749 499 884 557 intirmam
912 515 982 558 esse.
1039 510 1375 578 torquereturatyranno,
1390 516 1418 564 et
1430 523 1483 565 non
1499 510 1616 581 prodidit
1629 514 1795 586 coniuratos,
1808 528 1839 574 et

188 590 335 663 Propterea
362 592 434 649 enim
457 591 581 665 paedixit
609 593 734 664 spiritum
761 601 916 664 promptum
932 589 984 665 (l),
1039 598 1187 656 nouissime
1199 599 1316 673 linguam
1330 616 1405 658 suam
1416 612 1563 661 comestam
1577 606 1604 663 in
1619 607 1715 667 iaciem
1725 610 1834 685 tyranni

189 692 220 741 ut
231 684 397 753 ostenderet,
410 684 475 756 quid
490 686 533 741 cui
551 684 648 741 debeat
661 698 723 741 esse
733 685 895 756 subjeetum,
909 684 985 741 scili·
1038 692 1154 762 exspuit,
1167 700 1197 748 ut
1206 691 1274 749 nihii
1289 708 1370 765 agere
1380 710 1410 752 se
1422 694 1524 753 scirent
1539 704 1685 770 tormenta,
1698 703 1749 761 etsi
1764 705 1834 762 ultra

188 786 243 847 cet,
258 788 289 833 ut
306 792 370 833 earo
389 778 490 834 seruiat
500 777 618 849 spiritui,
631 777 765 835 inlirmior
780 778 894 845 fortiori,
910 788 939 836 ut
952 779 987 837 ab
1038 794 1253 855 perseuerarent.
1281 784 1348 843 Nam
1369 778 1452 858 quod'
1463 788 1504 860 (7)
1519 788 1600 849 bodie
1620 792 1690 865 tpud
1710 793 1837 854 Lacedae·

188 884 224 927 eo
246 870 327 926 etiam
347 870 433 941 ipsam
446 869 486 943 (Ξ)
499 869 683 927 iortitudinem
695 880 826 928 assumti.
839 869 985 944 Colloqua·
1038 890 1133 931 mornas
1140 875 1296 933 solemnitas
1304 878 1422 933 marina
1435 887 1487 948 est,
1494 884 1680 951 impensurus
1688 883 1737 961 (e),
1746 884 1772 943 id
1782 898 1835 953 est,

188 974 233 1021 tur
245 963 354 1035 spiritus
371 978 432 1019 eum
444 963 572 1019 camede
589 964 726 1021 communi
742 963 840 1032 salute,
862 979 913 1021 uec
929 964 985 1035 iam
1037 968 1256 1041 urgellitanum
1271 968 1345 1027 latet.
1356 969 1385 1026 ln
1400 986 1454 1043 quo
1466 986 1553 1039 sacro.
1567 985 1631 1033 ante
1641 992 1717 1035 aram
1730 978 1836 1038 nobiles

187 1058 222 1117 de
234 1056 411 1115 incommodis
431 1056 569 1125 carceris,
585 1056 634 1113 sed
656 1056 716 1128 ipso
733 1071 819 1128 agone
842 1064 870 1113 et
892 1056 986 1128 praelio
1037 1061 1137 1133 quique
1150 1060 1345 1129 adolescentes,
1358 1049 1480 1135 ¹llagellis
1501 1062 1667 1138 affliguntur,
1685 1071 1836 1128 astantibus

187 1151 320 1224 cogitans.
336 1150 453 1207 Timebit
465 1149 579 1207 lorsitan
597 1164 661 1207 earo
675 1146 794 1222 gladium
813 1165 935 1224 gratem,
958 1158 987 1207 et
1037 1153 1193 1227 parentibus
1206 1164 1234 1213 et
1244 1152 1411 1227 propinquis,
1422 1164 1451 1212 et
1462 1156 1500 1213 nti
1511 1160 1837 1228 perseverentadbortan·

186 1259 294 1302 erucem
312 1242 458 1311 excelsam,
476 1251 504 1299 et
524 1242 626 1299 rabiem
640 1242 797 1309 bestiarum,
812 1253 840 1299 et
852 1258 984 1300 summam
1038 1246 1118 1304 tibus.
1131 1246 1325 1305 Ornatrrentum
1336 1246 1407 1304 enim
1422 1257 1449 1304 et
1459 1248 1545 1320 gloria
1554 1248 1726 1323 deputabitur
1734 1253 1836 1327 majore

186 1336 287 1408 ignium
307 1350 425 1407 prunam,
444 1344 471 1391 et
484 1348 564 1391 ontne
576 1333 711 1423 csrniiicis
732 1333 867 1406 ingenium
882 1334 909 1390 in
927 1344 985 1390 tor·
1037 1338 1145 1412 quidem
1159 1338 1247 1406 titulo,
1261 1339 1283 1395 si
1299 1340 1387 1396 anima
1401 1342 1490 1411 potitus
1508 1342 1621 1400 cesserit
1637 1343 1734 1417 plagis,
1755 1339 1836 1419 quum

186 1430 296 1487 urentis.
305 1428 358 1485 Sed
372 1428 583 1500 spirituscontra
596 1434 679 1499 ponat
689 1427 740 1483 sibl
754 1428 876 1494 elearnl,
887 1427 985 1484 acerba
1038 1446 1145 1505 eorpus.
1161 1431 1258 1504 igitur,
1271 1432 1407 1488 sitantum
1423 1441 1538 1493 terrene
1550 1435 1642 1507 gloriae
1655 1436 1720 1495 licet
1733 1435 1768 1494 de
1777 1451 1839 1495 eor-

187 1521 250 1577 lieet
264 1520 326 1589 ista,
346 1520 468 1576 antrrltis
484 1530 572 1576 tamen
590 1534 669 1591 aequo
682 1520 774 1576 animo
792 1528 915 1591 excepta,
932 1519 986 1576 imo
1038 1522 1112 1593 poris
1126 1530 1153 1579 et
1167 1523 1250 1581 animi
1266 1524 1366 1597 vigore,
1387 1532 1417 1580 ut
1439 1525 1570 1597 gladium,
1593 1527 1694 1600 ignem,
1715 1544 1825 1587 crucem

184 1621 213 1668 et
227 1612 299 1668 ultro
313 1612 440 1683 appetita,
452 1610 530 1667 lamae
539 1620 567 1668 et
579 1610 673 1683 glorice
689 1624 801 1678 eaussa;
818 1624 868 1669 nee
885 1626 901 1666 a
920 1610 987 1667 uiris
1038 1613 1156 1683 bestias,
1179 1625 1311 1672 tormenti
1333 1625 1527 1684 contemnant,
1548 1617 1599 1674 sub
1617 1620 1729 1690 praemio
1750 1619 1839 1679 laudis

185 1704 816 1776 tantumsedetiamalteminis,utrosuuoqne,
825 1703 984 1773 benedicte,
1038 1706 1174 1777 humanae,
1184 1723 1295 1781 possum
1307 1710 1408 1776 dicere,
1421 1710 1533 1767 modice
1547 1720 1610 1769 sunt
1623 1712 1683 1769 istae
1697 1713 1838 1785 passiones

184 1796 262 1854 serui
276 1804 367 1853 vestm
381 1796 579 1867 respondeatis.
591 1794 712 1867 Longum
722 1803 775 1863 est,
790 1795 813 1851 si
827 1804 984 1853 enumerem
1000 1776 1025 1839 B
1039 1801 1073 1858 sd
1086 1801 1303 1859 consecutionem
1313 1802 1406 1872 gloriae
1415 1800 1535 1860 eoelestis
1547 1812 1575 1860 et
1584 1802 1682 1861 divinae
1692 1805 1839 1863 mercedis.

185 1890 317 1962 singulos,
326 1890 371 1962 qni
380 1888 925 1963 segladioconieceriut,snitnosuodueti
933 1894 985 1964 (u).
1039 1894 1069 1951 st
1083 1895 1147 1951 tanti
1167 1894 1265 1951 nitrum
1288 1894 1298 1967 (
1308 1891 1369 1967 {)i
1390 1896 1481 1967 quanti
1501 1892 1543 1969 (8)
1562 1896 1755 1969 margaritum?
1772 1897 1839 1966 Quis

173 1981 224 2071 ⁴lie
238 1982 354 2039 imminis
376 1982 411 2039 ad
431 1998 540 2039 manum
552 1992 595 2039 est
608 1982 741 2051 Lucretia,
761 1998 822 2054 quam
832 1983 886 2039 rim
901 1986 986 2056 stupri
1038 2004 1164 2061 ergonon
1175 1988 1353 2047 libentissime
1364 1996 1468 2047 unturn
1480 2004 1600 2063 protero
1609 1990 1833 2064 baburerogare,

185 2075 396 2149 passa,eultrum
407 2076 458 2135 sibi
466 2076 554 2148 adegit
566 2077 594 2133 in
604 2083 749 2148 conspectu
762 2076 985 2149 propinquorum,
1038 2092 1167 2155 quantum
1182 2079 1228 2138 alti
1241 2095 1292 2154 pro
1302 2079 1391 2139 ialsoi

140 2157 151 2169 ’
185 2180 215 2228 ut
239 2172 350 2243 gloriam
375 2168 492 2227 castitati
521 2184 578 2225 suae
601 2176 707 2239 pareret
734 2166 784 2240 (l),
804 2168 902 2225 liutius
926 2170 982 2243 (e),
1352 2170 1465 2233 CAPUT
1485 2173 1519 2232 V.

185 2278 293 2318 manum
301 2277 377 2318 stram
386 2261 525 2319 dexteram
539 2261 565 2317 iu
575 2276 621 2316 ara
629 2262 771 2329 cremarit,
784 2259 873 2317 utboe
885 2260 985 2318 iactum
1074 2266 1175 2326 Omitto
1194 2268 1268 2324 nunc
1286 2266 1380 2340 glorie
1391 2280 1514 2323 eausam.
1537 2264 1639 2324 Eadem
1652 2265 1742 2323 omnia
1757 2266 1838 2324 saeui·

184 2356 244 2429 ejus
258 2355 326 2411 iama
340 2356 461 2411 baberet.
474 2352 561 2409 Minus
574 2352 695 2409 iecerunt
705 2352 858 2424 pbilosopbi
874 2370 881 2408 ε
898 2354 985 2411 ttera·
1039 2361 1083 2415 tiae
1100 2368 1127 2414 et
1146 2359 1280 2415 smneittus
1300 2360 1458 2427 certamina,
1478 2360 1535 2431 jum
1554 2359 1626 2431 apud
1650 2357 1775 2417 homines
1797 2354 1838 2415 ai·

184 2448 263 2505 clitus
280 2447 336 2521 (d),
359 2446 404 2519 qui
422 2462 453 2504 se
476 2446 578 2503 bubulo
596 2454 717 2501 stercore
735 2445 849 2519 oblitum
869 2446 985 2520 exussitp
1036 2448 1145 2507 lectatio
1169 2449 1208 2523 (g)
1229 2466 1336 2523 quoque
1355 2459 1384 2508 et
1406 2452 1516 2507 morbus
1535 2450 1645 2522 qrtidam
1666 2451 1750 2507 animi
1768 2464 1838 2509 con·

184 2540 251 2597 item
267 2539 454 2610 Enispedoeles,
473 2538 560 2610 quiin
575 2538 650 2609 ignes
668 2536 767 2593 AEtnmi
787 2537 888 2593 montis
902 2536 982 2594 dissi·
1036 2542 1163 2598 eulcnvit.
1187 2541 1259 2610 Quot
1281 2542 1385 2599 otiosos
1405 2542 1539 2599 allectatio
1562 2557 1699 2599 armorum
1720 2541 1755 2597 ad
1776 2542 1836 2616 gls-

184 2634 258 2701 iirit;
273 2642 300 2690 et
319 2634 490 2705 Peregrinus,
513 2633 558 2704 qui
573 2646 627 2687 unn
640 2630 705 2686 olim
723 2645 753 2687 se
766 2644 835 2703 rogo
846 2630 982 2687 immisit:
1036 2636 1111 2692 diunt
1139 2635 1178 2709 (9)
1202 2636 1291 2693 locat?
1305 2634 1385 2691 Certe
1399 2635 1433 2691 ad
1452 2635 1521 2694 ieras
1532 2636 1604 2707 ipsas
1618 2634 1761 2693 allectione
1773 2634 1837 2691 des-

182 2740 245 2783 eum
259 2728 374 2785 immines
387 2742 493 2799 ortoque
507 2725 720 2798 contempserint
734 2725 809 2797 ignes
824 2746 831 2783 :
849 2724 917 2781 bido
930 2722 982 2800 (5),
1035 2726 1154 2783 cendunt
1164 2734 1192 2783 ct
1204 2725 1239 2783 de
1249 2725 1384 2783 morsibus
1391 2734 1420 2783 et
1431 2726 1466 2783 de
1478 2726 1649 2784 cicatricibus
1661 2724 1837 2783 formosiores

181 2836 218 2903 ne
230 2829 289 2889 post
301 2820 387 2876 riuum
405 2818 609 2877 dilectissimum
623 2818 725 2876 nubme
742 2828 886 2891 cogeretur
897 2836 905 2886 ;
918 2821 983 2877 item
1034 2820 1085 2877 sibi
1096 2819 1229 2876 videntur.
1242 2817 1302 2875 lam
1315 2827 1341 2874 et
1351 2817 1384 2875 ad
1394 2819 1470 2889 ignes
1480 2819 1587 2889 quidam
1596 2825 1833 2887 seautoranemnt,

182 2929 264 2983 nuum
279 2911 437 2969 Asdrubalis
449 2927 528 2978 uxor,
547 2926 608 2982 uince
620 2914 675 2980 jam
690 2910 803 2969 ardente
817 2909 983 2984 Cartbagine
1036 2921 1064 2968 ut
1077 2921 1179 2969 certum
1195 2911 1311 2981 spatium
1325 2912 1352 2967 in
1371 2912 1460 2969 tunica
1481 2910 1593 2967 ardente
1606 2907 1646 2983 (Ιι)
1661 2908 1833 2971 conficerent.

181 3007 305 3062 maritum
318 3020 395 3060 suurn
407 3004 560 3075 supplicem
572 3002 707 3073 Scipionis
721 2998 835 3069 rideret,
850 3019 912 3059 enm
923 3004 985 3059 liliis
1036 3006 1088 3062 ltili
1108 3006 1177 3062 inter
1191 3018 1350 3063 tenatorum
1365 3012 1473 3061 mulceas
1493 3004 1610 3075 scapulis
1634 3001 1838 3075 patientissimis

181 3100 237 3155 suis
252 3098 279 3154 in
292 3095 444 3155 incendium
458 3098 552 3168 patrire
563 3095 709 3153 desolavit.
726 3094 854 3167 Regulus,
861 3094 915 3151 dun
928 3096 984 3151 llo·
1040 3097 1283 3155 inambulaverunt.
1308 3094 1387 3164 ilice,
1418 3094 1568 3161 benedicti,
1585 3109 1637 3152 uon
1663 3095 1722 3153 sine
1742 3110 1838 3151 catrsst

181 3206 332 3257 manorum,
344 3199 439 3262 captus
460 3186 754 3259 acartbaginiensibus
766 3228 774 3255 ,
788 3202 848 3243 eum
860 3201 891 3243 se
904 3203 987 3244 unum
1039 3189 1169 3245 Dominus
1178 3188 1205 3244 in
1216 3188 1336 3244 seculum
1349 3186 1471 3253 admisit;
1484 3187 1531 3243 sed
1544 3186 1577 3241 ad
1593 3200 1641 3241 nos
1652 3194 1680 3243 et
1694 3201 1764 3242 nunc
1776 3184 1837 3261 (10)

179 3284 333 3357 promulsis
345 3280 735 3353 captivisCartbagiuiensibus
749 3280 917 3351 compensari
935 3295 986 3337 no·
1038 3278 1232 3347 erbortandos,
1247 3288 1275 3337 et
1294 3280 1320 3335 in
1334 3277 1382 3335 illo
1395 3278 1439 3335 die
1449 3276 1662 3344 contundendos,
1675 3278 1697 3335 si
1710 3276 1838 3335 reiurmi·

181 3376 287 3447 luisset,
304 3375 400 3431 maluit
413 3372 538 3430 hostibus
548 3371 626 3429 reddi
635 3379 664 3429 et
679 3372 707 3428 in
720 3386 791 3428 arem
808 3373 987 3446 genusstipa·
1039 3375 1192 3433 darerimus
1217 3375 1271 3447 pati
1296 3388 1346 3446 pro
1367 3374 1480 3431 ueritate
1503 3374 1529 3429 in
1549 3371 1686 3441 salutern,
1711 3386 1772 3444 que
1792 3371 1839 3429 alii
1862 3398 1867 3405 ·

185 3481 228 3528 tus
254 3469 372 3540 undique
383 3467 554 3524 extrinsecus
565 3465 650 3523 elaris
662 3463 825 3534 trausdsus,
839 3474 879 3522 tot
891 3481 987 3523 eruces
1038 3470 1230 3531 affectaverunt
1242 3482 1291 3543 pro
1301 3469 1417 3527 nanitme
1428 3467 1455 3522 in
1469 3466 1657 3538 perditionem.

181 3561 283 3619 sensit.
299 3560 405 3617 bestias
429 3558 540 3616 immina
565 3558 653 3617 libens
678 3558 814 3631 appetiit,
843 3568 870 3616 et
895 3560 988 3632 utique
1337 3558 1453 3619 curbi
1471 3558 1518 3616 tlt.

181 3657 300 3730 aspides,
316 3662 458 3728 torpentes
476 3663 553 3709 tauro
574 3653 617 3710 rel
636 3667 701 3710 urso
723 3651 902 3720 torridtorcs
918 3668 986 3727 uuts
1072 3656 1126 3715 sed
1145 3654 1205 3715 bec
1221 3654 1346 3729 exempla
1365 3652 1523 3711 constantiae
1537 3652 1695 3709 omittamus
1713 3650 1747 3707 de
1767 3648 1835 3707 alie·

181 3750 324 3824 Cleopatra
338 3748 450 3805 immisit
464 3746 526 3817 sibi,
538 3761 573 3804 ne
586 3746 614 3805 in
627 3762 725 3805 manus
739 3746 840 3803 inimici
861 3750 984 3821 perreni-
1036 3753 1154 3810 ctatione
1173 3750 1315 3811 uenientis.
1331 3749 1527 3806 Convertamur
1550 3744 1584 3802 ad
1602 3744 1688 3817 ipsam
1703 3740 1836 3801 conditio-

181 3851 233 3901 ret.
252 3841 306 3899 Sed
328 3841 423 3898 mortis
443 3848 531 3898 metus
551 3854 604 3897 non
621 3848 713 3897 tantus
731 3848 784 3910 est,
798 3850 916 3912 otrannus
931 3832 1008 3899 tor?
1037 3847 1081 3903 nis
1102 3844 1227 3903 bumanae
1250 3842 1521 3915 contemplationem,
1545 3848 1574 3896 ut
1596 3846 1623 3896 et
1644 3838 1689 3895 illa
1710 3852 1760 3895 nos
1779 3837 1836 3894 ins-

182 3946 335 3995 mentorum
351 3934 403 4009 (5).
416 3933 533 4007 ltaque,
558 3933 640 3991 cessit
659 3932 779 3992 earniilei
794 3932 835 4007 (d)
857 3937 985 3993 meretrix
1038 3944 1138 4006 truant,
1151 3938 1174 3995 si
1186 3952 1238 4010 qua
1251 3943 1407 3993 constanter
1416 3931 1543 3990 adeunda
1557 3930 1620 3997 siut,
1636 3944 1696 4003 quae
1707 3929 1838 3987 etinuitis

789 4027 979 4090 obtutubus
996 4030 1202 4089 lautiores.

214 4126 235 4187 (ι
267 4123 551 4197 Eseuddbfrmrec„
812 4154 820 4167 .
1079 4119 1328 4187 ditamideisseml.

225 4186 410 4302 {mm
422 4187 575 4250 mm·
1077 4186 1423 4310 imminuerem
1439 4255 1526 4297 nerum
1537 4244 1696 4307 margaritum
1709 4240 1786 4296 uben.

225 4312 251 4377 ι)
262 4312 342 4374 Quum
362 4283 516 4385 asceam,
612 4372 618 4385 ‚
765 4370 771 4383 ‚
896 4374 902 4385 ,
1077 4310 1385 4383 centumgeminae

214 4378 249 4441 (ιι)
269 4376 380 4435 Quantus
400 4380 526 4425 tormenti.
545 4370 599 4423 lion
611 4370 913 4438 utaquecessrtcrrnibcu,
932 4380 981 4425 ete
1066 4376 1090 4440 (ι
1110 4376 1115 4441 )
1136 4376 1205 4428 'lunc
1223 4370 1275 4425 ola.

183 4440 243 4491 itm.
254 4440 338 4502 ltaque
345 4432 479 4487 seccessit
490 4431 568 4487 tam.

788 4582 795 4593 ι
859 4516 1142 4580 cotillssrlbsirltJS.

221 4618 260 4692 (a)
273 4619 425 4675 Animosne
439 4614 519 4669 doreti.
532 4610 685 4669 Prrcelare:
701 4623 764 4665 nam
783 4618 887 4682 martyr
900 4616 1022 4675 uerusll
1070 4614 1109 4687 (e)
1122 4622 1331 4685 dispensemus,
1345 4610 1380 4667 td
1389 4609 1588 4684 estptnpeltutto.
1609 4610 1693 4684 liujus
1712 4611 1837 4670 meminit

185 4706 238 4745 non
250 4690 331 4747 debet
352 4689 428 4759 seusu
439 4686 550 4741 ductum
570 4698 661 4749 suum,
682 4680 729 4738 sed
741 4680 788 4737 Dei
802 4699 809 4736 :
825 4696 879 4737 non
890 4699 920 4739 se
939 4684 983 4738 in·
1036 4694 1063 4743 et
1078 4686 1226 4756 inspolog.
1236 4685 1286 4742 sub
1298 4683 1390 4741 linern.
1407 4682 1493 4739 linem

185 4764 317 4825 terlleere,
341 4760 389 4817 sed
404 4768 467 4813 tnnc
488 4756 586 4811 eadere
600 4767 662 4808 cum
683 4752 754 4807 Deus
775 4752 899 4809 uoluerit.
915 4753 982 4812 Lae.
1073 4756 1107 4832 (l)
1122 4755 1199 4812 Tanti
1212 4756 1420 4828 citramarinas
1427 4752 1605 4827 margaritum?
1617 4752 1716 4811 Forma
1730 4754 1829 4829 adagii.

220 4833 262 4902 (Ιι)
275 4830 427 4905 Ulpioriorn
443 4828 554 4883 restituti
565 4838 620 4878 sues
633 4832 743 4895 pareret.
760 4821 818 4878 Non
829 4821 879 4878 luit
904 4826 984 4896 pudi·
1038 4827 1198 4899 Hieronynr.
1213 4828 1246 4883 ad
1259 4826 1380 4883 Lmtarn:
1397 4826 1420 4879 si
1433 4830 1496 4880 tuntt
1505 4826 1609 4891 citrum,
1641 4842 1703 4881 uere
1716 4842 1767 4882 non
1781 4844 1839 4882 nan·

183 4904 255 4959 citite
281 4905 404 4966 caritas,
429 4897 478 4957 sed
504 4896 614 4971 pudoris
639 4893 793 4951 irtilrmitas.
818 4896 986 4966 Augustinus
1034 4900 1103 4973 juris
1128 4899 1203 4967 pretii
1234 4898 1266 4955 sit
1293 4896 1484 4969 interpositum?
1511 4895 1545 4953 Et
1567 4896 1601 4952 ad
1624 4842 1837 4963 bemorriadem.

185 4974 233 5031 lib.
246 4974 282 5031 tle
293 4974 353 5031 Ciu.
366 4973 425 5031 bei.
443 4973 502 5027 llic.
601 4995 606 5005 ·
1040 4970 1128 5028 adbuc
1140 4970 1174 5027 ati
1186 4970 1332 5029 Saluinanr.
1350 4969 1470 5026 Saturitas·
1485 4966 1517 5023 ad
1538 4968 1722 5039 explicandam
1737 4968 1838 5040 ingun-

221 5046 274 5119 (ο)
303 5046 399 5101 liutius
422 5045 556 5098 desim
583 5054 666 5095 mum.
691 5036 873 5095 Proculdubio
903 5039 989 5097 sentit
1042 5053 1096 5101 tem
1112 5058 1204 5100 rerum
1232 5041 1440 5114 inaequalitatem
1467 5047 1495 5095 et
1517 5038 1685 5096 distantiam.
1701 5039 1840 5111 Namuttis

185 5116 370 5173 Tertullianus
385 5114 498 5171 llutinnr
511 5124 543 5165 ox
558 5124 592 5193 ρο
604 5109 716 5194 uulnere
727 5118 855 5193 crematae
866 5110 991 5195 dexterae
1042 5123 1182 5187 comparat
1197 5114 1294 5197 vitrum
1309 5128 1370 5169 cum
1385 5110 1548 5193 margarito,
1562 5111 1614 5167 nisi
1635 5112 1752 5193 aunensi
1771 5110 1839 5167 Luc.

185 5181 988 5324 iillllllliidllll.¹20l3l¹?⁶,iill¹lll¹.l.¹la
1041 5179 1841 5335 ..iiiiii‘illllliiliitil‘bQliiliillliilllll

185 5340 274 5387 morte
285 5329 462 5387 coniecerim.
481 5324 548 5381 Luc.
835 5352 840 5361 ·
1040 5332 1136 5383 morbo
1156 5323 1470 5390 cuidamtribucbautur,
1491 5332 1528 5378 ιιι
1547 5334 1576 5379 ιιι
1588 5326 1677 5381 lictum
1692 5324 1840 5395 judicetur,

221 5402 263 5472 ld)
276 5400 432 5457 licaelitua.
454 5397 490 5463 is,
505 5396 543 5453 uti
567 5394 708 5450 attnotauit
726 5394 829 5463 Rbeu„
849 5393 990 5453 laborabat
1040 5407 1066 5453 et
1080 5407 1186 5453 tantum
1199 5396 1233 5453 ad
1254 5395 1471 5456 ostentationem.
1488 5410 1542 5449 nun
1557 5409 1621 5453 uera
1635 5396 1730 5452 virtus.
1754 5396 1819 5451 bac.
1842 5418 1846 5425 =

185 5474 282 5528 morbo
306 5488 383 5541 anum
397 5469 548 5535 intercutis,
565 5478 592 5523 et
605 5482 667 5523 eum
676 5468 799 5523 obscuris
814 5466 987 5524 sermonibus
1076 5468 1115 5538 (Ιι)
1137 5467 1170 5523 la
1192 5468 1277 5523 tunica
1312 5464 1426 5522 ardente·
1453 5464 1556 5521 'i'uniea
1581 5466 1625 5521 illa
1646 5476 1704 5522 erat
1730 5464 1790 5539 pice
1812 5473 1842 5521 et
1891 5536 1894 5541 Ι

185 5555 310 5600 emutatus
327 5541 427 5609 bomo,
454 5538 629 5612 quaerendum
654 5554 670 5591 e
697 5538 809 5595 medicis
832 5539 979 5610 jussisset,
1039 5538 1169 5596 bitumine
1180 5540 1257 5606 illita,
1273 5553 1324 5610 qua
1335 5536 1514 5593 induebantur
1526 5535 1591 5593 oiim
1599 5538 1685 5592 saneti
1704 5546 1840 5609 martyres

185 5629 250 5671 utum
259 5630 294 5671 ex
306 5615 393 5671 imbre
413 5612 561 5668 siceitatem
575 5606 796 5681 iacereptssentz
820 5620 848 5665 et
868 5610 903 5663 ab
926 5610 981 5667 illis
1032 5620 1174 5683 antequam
1201 5611 1227 5665 in
1256 5611 1344 5681 ignem
1366 5609 1572 5697 projicerentur.
1602 5606 1708 5664 Tunica
1740 5607 1841 5663 dieitur

185 5684 245 5743 iudi
258 5701 289 5742 se
304 5684 457 5756 putantibus
467 5680 561 5739 luisset
579 5679 727 5752 neglectus,
745 5681 852 5737 tandem
867 5680 926 5751 ipse
939 5683 980 5737 si·
1032 5683 1146 5740 molesta
1157 5680 1280 5749 Martiali,
1290 5679 1485 5753 epigriciib.
1500 5682 1535 5739 ttl
1548 5689 1575 5737 et
1586 5678 1713 5736 iuvenali
1724 5679 1784 5735 Sat.
1799 5676 1829 5733 8.

185 5755 214 5812 bi
240 5756 385 5814 subvenire
415 5753 528 5821 voleus,
554 5751 661 5806 bubulis
688 5752 869 5809 excrementis
893 5751 978 5809 oblini
1275 5806 1280 5819 ‚
1394 5805 1399 5815 ,

186 5840 285 5898 corpus
294 5841 372 5885 suum
382 5826 502 5884 indutum
516 5822 588 5881 iecit.
603 5820 650 5878 ilst
670 5823 739 5894 apud
752 5823 897 5913 Leontium.
909 5822 978 5880 Pru.
1124 5836 1151 5859 ··
1166 5806 1253 5869 mluud
1264 5805 1338 5861 illiti
1348 5813 1431 5859 tunica
1442 5807 1530 5873 punire
1541 5804 1653 5859 wlede·
1676 5802 1743 5877 ,³¹⁰⁶
