4084 6334
198 3776 210 3793 ⁸
292 3784 352 3824 sum
371 3766 468 3823 loliani
481 3774 508 3821 et
526 3764 693 3836 Jartsururn.
712 3762 757 3819 Sic
772 3772 846 3819 notat
862 3779 973 3821 vocasse
985 3766 1092 3825 Aristo·
1143 3772 1211 3841 quit.
1227 3767 1266 3825 Le
1281 3770 1328 3825 Pu.

271 294 351 353 ‘tana
579 340 581 345 .
970 284 1202 347 tenwttltrtt
1847 298 1905 363 {snt

278 410 406 483 operibus
428 408 484 465 auis
499 406 570 465 bens
583 406 736 481 disposuit,
752 404 832 463 etiam
854 404 881 462 in
903 406 1079 463 sacramentis
1091 408 1118 469 A
1130 407 1271 480 Philippus
1286 408 1357 465 inter
1368 408 1426 465 rias
1437 404 1549 466 inmolet
1561 418 1627 481 aqua
1642 408 1738 478 tinxit,
1753 412 1810 482 plus
1827 415 1905 476 mittis

279 501 395 573 propris
414 512 509 571 ponere
522 498 603 565 lecit;
619 498 641 555 si
652 510 714 570 utrm
725 498 806 554 vitam
822 502 960 554 terrenam
975 496 1015 573 (l)
1029 512 1080 569 gu-
1131 500 1279 557 autminus
1297 499 1397 556 retulit.
1414 499 1496 573 igitur
1506 514 1601 557 omnes
1611 514 1689 573 aqum
1703 502 1738 560 de
1751 501 1851 575 pristina
1863 510 1913 565 ori*

279 594 384 661 munet,
398 601 426 650 et
438 593 465 649 in
477 592 580 649 coelesti
594 598 729 663 procurat.
1132 592 1201 665 ginis
1221 592 1397 664 praerogativa
1412 602 1611 649 sacramentum
1626 592 1838 652 sanctilleutiouis
1853 612 1906 655 eon·

591 680 704 740 CAPUT
723 682 768 741 lli.
1131 693 1291 757 comuntur,
1303 686 1428 742 inuocato
1441 684 1508 741 [leo.
1518 684 1678 759 Supervenit
1689 686 1759 742 euim
1770 689 1851 745 statim
1863 691 1907 764 spi·

317 778 375 835 Sed
405 788 437 835 ea
472 778 536 835 sutis
565 778 615 835 erit
641 778 850 851 praecerpsisse,
871 770 905 833 'in
933 776 1031 849 quibus
1054 786 1082 835 et
1132 783 1199 838 ritus
1214 780 1348 850 decoelis,
1363 790 1391 838 et
1405 780 1483 854 aquis
1496 787 1629 853 superest,
1650 780 1907 843 sauctideauseesdc

279 880 348 939 ratio
371 880 500 951 llaptisnti
526 878 727 951 recognoscitur
763 878 846 947 prima
875 876 934 944 illa,
950 890 1001 949 qua
1024 876 1080 947 jam
1133 874 1290 943 semetipso,
1311 881 1338 929 et
1353 872 1576 930 itasanctilicttae
1594 872 1908 935 uimsanetideaudioom·

280 984 345 1031 tnnc
376 974 457 1031 etiam
499 974 557 1044 ipso
588 972 680 1027 babitu
707 970 907 1041 praenotabatur
940 970 974 1027 ad
1009 970 1081 1042 liap-
1134 964 1226 1022 bibunt
1237 964 1291 1038 (l).
1304 964 1462 1039 Quatrqoanr
1476 966 1510 1022 ad
1530 966 1681 1039 simplicem
1696 978 1783 1025 actum
1795 960 1909 1045 compem
1984 959 1986 1028 ῗ

280 1068 353 1123 tisntl
368 1066 490 1140 figurato,
508 1064 557 1123 bel
572 1064 707 1137 spiritum,
724 1066 767 1136 qtri
789 1064 823 1120 ab
846 1064 922 1122 initio
936 1078 1081 1136 supervee-
1133 1056 1291 1125 similitudo,
1306 1065 1345 1126 ut,
1366 1058 1492 1129 quoniam
1507 1058 1566 1115 uice
1580 1058 1702 1117 sordium
1720 1059 1822 1119 delictis
1835 1063 1907 1135 inqui·
1984 1097 1985 1148 3

279 1160 385 1217 labatur
409 1174 491 1229 snper
515 1173 610 1231 aquas,
634 1158 760 1215 intinctos
789 1156 995 1219 reformaturum
1026 1157 1080 1230 (d).
1133 1165 1239 1219 namur,
1261 1151 1338 1222 aquis
1362 1149 1511 1208 abluantur.
1536 1150 1590 1208 Sed
1611 1148 1726 1221 delicta,
1747 1152 1813 1209 m'eut
1833 1157 1910 1213 unuin
1984 1184 1986 1218 r

280 1250 408 1310 &netum
421 1260 510 1307 autern
526 1251 616 1322 ntique
635 1260 717 1323 super
728 1262 851 1307 sanctum
866 1250 1020 1318 serebatur;
1036 1260 1083 1308 aut
1132 1258 1214 1300 carno
1231 1251 1398 1314 comparent,
1410 1242 1471 1316 quia
1484 1258 1566 1301 nemo
1575 1253 1757 1315 superantem
1768 1253 1850 1317 portat
1864 1262 1908 1304 ma-

282 1344 317 1400 ab
329 1359 363 1401 co
374 1340 446 1414 cuod
460 1342 686 1415 supersuebatur,
700 1340 726 1399 id
737 1342 808 1415 qnod
821 1341 935 1413 larebat,
950 1345 1078 1402 sanctita·
1133 1336 1221 1394 culam
1232 1336 1389 1395 3¹¹⁰¹0lalriae
1402 1336 1450 1410 (θ),
1465 1348 1510 1395 2¹¹¹
1522 1337 1619 1411 Suilli,
1629 1349 1677 1395 ²¹¹²
1690 1338 1801 1409 iraudis;
1813 1342 1909 1413 tullii

282 1446 338 1493 tem
353 1437 533 1493 mutuabatur.
548 1433 679 1503 martiam
696 1434 816 1507 subjecta
831 1450 944 1507 quaeque
958 1436 1082 1506 materia,
1134 1432 1207 1487 modi
1220 1430 1247 1486 in
1261 1432 1356 1503 spiritu
1369 1430 1490 1502 sordent,
1502 1432 1547 1504 qui
1567 1441 1610 1489 est
1626 1441 1722 1489 auctor
1734 1432 1830 1490 delicti.
1841 1432 1910 1503 Spiri-

281 1530 341 1601 ejus
353 1544 414 1603 qttaa
426 1529 541 1601 desuper
554 1529 687 1599 imminet,
701 1530 857 1600 qualitatem
869 1530 957 1603 rapiat
971 1546 1083 1590 neeesse
1134 1533 1177 1581 tus
1190 1525 1262 1581 eninr
1283 1522 1455 1595 dominatur,
1470 1541 1535 1581 earo
1548 1524 1710 1594 tomolatum
1725 1534 1811 1583 umen
1822 1536 1909 1583 utrum

284 1631 336 1690 est,
351 1622 468 1680 maxiano
477 1622 626 1695 corporalis
639 1622 797 1695 spiritaiem,
808 1630 836 1678 et
853 1633 994 1696 penetrare
1006 1632 1034 1682 et
1044 1626 1084 1681 in·
1135 1632 1188 1690 que
1217 1618 1288 1675 inter
1314 1634 1345 1675 se
1375 1618 1576 1676 communicant
1600 1629 1704 1676 reatum
1722 1620 1860 1693 ,spiritns
1884 1620 1910 1678 ob

283 1712 372 1773 sidere
382 1712 488 1771 facilem
502 1728 551 1789 per
563 1714 719 1773 subeundae
731 1730 788 1773 suae
799 1716 985 1774 subtilitatem.
995 1717 1036 1774 tta
1048 1718 1083 1777 de
1134 1710 1295 1783 rupertum,
1321 1726 1384 1769 caro
1410 1712 1446 1771 ob
1469 1711 1660 1769 ministerium.
1691 1710 1773 1784 igtur
1796 1711 1912 1769 mediolis

204 1868 206 1872 ,
283 1808 383 1867 Sancto
397 1808 564 1867 sanetilleata
579 1816 675 1867 natura
695 1824 837 1882 aquarum,
851 1819 879 1867 et
893 1811 951 1885 ipsa
964 1812 1083 1869 sanctifi·
1097 1781 1121 1841 B
1133 1803 1412 1877 quodammodoapuis
1425 1821 1473 1878 per
1485 1806 1578 1877 segeti
1590 1806 1780 1874 interventum,
1789 1814 1814 1861 et
1824 1806 1912 1877 spiritus

282 1916 345 1959 care
369 1900 504 1975 concepit.
529 1900 614 1959 Neruo
638 1900 709 1959 dieat
732 1901 896 1975 :Numquid
922 1905 988 1977 ipsis
1012 1906 1084 1964 euim
1138 1898 1166 1955 5¹¹
1180 1896 1691 1971 θφῑῑθθθψθηῑῑῑθῐῶῑῑῑῑῑῑῑηθῑῡῦῐῡ
1705 1896 1909 1971 inelidtfflillfi·

284 1994 364 2066 aquis
376 1992 521 2065 tinguimur
531 2008 590 2066 quoe
614 2002 676 2050 tune
690 1992 731 2065 (a)
745 1994 771 2051 in
796 1994 942 2065 primordio
956 1994 1090 2055 ineruntl
1138 1990 1228 2048 taliter
1248 1990 1402 2048 mundator.

284 2100 338 2142 non
353 2086 445 2157 utique
460 2084 525 2158 ipsis
546 2086 597 2142 uisi
618 2101 650 2141 eu
664 2100 696 2143 ea
712 2100 797 2158 parte,
812 2102 865 2159 qua
878 2102 964 2161 genus
977 2088 1086 2165 quidem
1447 2082 1561 2141 CAPUT
1576 2082 1609 2139 V·

283 2193 367 2235 unum
382 2176 431 2252 (u),
446 2176 550 2247 species
571 2192 635 2234 nero
654 2179 819 2251 complures.
835 2178 911 2248 Quod
933 2190 1023 2239 comm
1036 2198 1087 2255 ge·
1173 2177 1227 2234 Sed
1252 2178 1325 2233 enim
1351 2176 1475 2234 nationes
1502 2184 1638 2235 extraneae
1665 2176 1701 2234 ab
1718 2176 1912 2234 omniinteleetu

284 2272 342 2331 neri
357 2270 512 2329 attributum
528 2283 587 2341 est,
602 2272 683 2329 etiam
697 2272 725 2327 in
739 2270 829 2343 speeie
852 2272 994 2332 redundat.
1008 2272 1087 2334 ldeo·
1136 2270 1296 2341 spiritalium
1323 2278 1482 2341 potestatem
1514 2269 1608 2327 eadem
1637 2270 1756 2328 efficacia
1781 2268 1851 2327 idolis
1870 2268 1912 2325 snb

284 2382 338 2440 que
353 2368 424 2423 nulla
438 2366 637 2430 o'tstinetioest,
652 2366 718 2421 muri
731 2368 790 2437 quis
803 2382 836 2422 au
852 2376 957 2440 stagno,
971 2368 1084 2429 llumine
1137 2364 1357 2430 subministrant,
1389 2362 1455 2428 sed,
1495 2362 1580 2420 uiduis
1603 2362 1643 2437 (d)
1668 2365 1761 2433 aquis,
1786 2361 1832 2418 sibi
1852 2376 1912 2417 men·

285 2474 319 2515 an
332 2458 415 2525 lente,
438 2458 496 2513 lacu
510 2472 542 2512 au
565 2457 643 2513 alren
657 2457 791 2524 diluatur,
815 2459 1021 2532 necquidquam
1043 2478 1083 2518 re·
1138 2458 1250 2515 tlnntur.
1264 2453 1331 2511 liarn
1345 2464 1372 2511 et
1393 2456 1477 2512 saeris
1496 2454 1655 2528 quibusdam
1671 2471 1721 2528 per
1735 2455 1857 2513 bracenrn
1875 2454 1913 2509 ini·

285 2550 338 2607 lert
353 2552 423 2607 inter
435 2564 561 2621 eosquos
575 2548 694 2607 loannes
716 2550 742 2607 in
756 2550 883 2621 lordanc,
903 2562 930 2610 et
942 2569 1009 2627 quos
1032 2556 1086 2615 l’e·
1138 2554 1248 2619 tlantnr,
1264 2550 1342 2609 isidis
1358 2550 1481 2623 alicujus,
1496 2560 1543 2606 aut
1555 2550 1672 2621 llitlrrae,
1686 2550 1757 2621 ipsos
1776 2550 1849 2606 etiam
1862 2546 1913 2604 deos

288 2648 345 2698 treus
367 2640 394 2697 ln
417 2640 508 2697 ‘liberi
530 2642 608 2698 tinxit
632 2640 680 2715 (d).
695 2640 752 2699 Nisi
767 2652 794 2701 et
815 2644 859 2700 illc
880 2645 974 2717 spado,
1004 2665 1085 2720 quem
1138 2642 1574 2716 suoslunationibusedernutte).
1587 2640 1912 2711 marturianenses,

915 2736 1109 2805 Lucrtotttts
1128 2738 1336 2803 VdedNTES.

333 2830 357 2891 l)
373 2824 498 2879 AEteroam
509 2836 585 2879 mort.
1182 2832 1367 2901 olduncl'run
1401 2828 1591 2897 .lpsiltipult..

348 2890 435 2952 >Quae
450 2888 502 2953 jam
515 2897 614 2941 tune-
631 2901 708 2953 super
718 2901 795 2953 aqum
805 2891 923 2967 traductor
933 2892 1086 2950 celeumate·
1170 2834 1209 2972 {tt
1223 2900 1277 2949 ret.
1289 2895 1344 2948 eod.
1393 2906 1455 2945 otoo.
1476 2892 1516 2945 iia
1533 2889 1612 2944 uerbis
1622 2889 1750 2952 minuent.
1768 2889 1914 2965 'leem

287 2967 343 3005 rom
352 2954 429 3005 Fruar.
439 2952 677 3024 opperiendum,
690 2965 765 3017 super
776 2966 853 3018 aquas
865 2962 1026 3011 emunctorum
1035 2974 1090 3013 me-
1141 2976 1212 3036 aqum
1222 2960 1490 3034 abiuautrrrrrroruoer.
1502 2961 1569 3021 net
1577 2953 1710 3023 beandam
1717 2952 1856 3015 cunbbout,
1864 2957 1914 3003 utet

286 3023 406 3068 tamtum·
414 3014 469 3081 1¹²9·
1143 3020 1494 3083 delictartcesordtumaquts
1505 3016 1644 3070 abluantur.

964 3102 1245 3165 COMMENTARIUS.

327 3194 366 3271 (a)
386 3194 471 3251 Gener
480 3193 581 3266 quidem
592 3206 681 3249 onum.
695 3192 798 3265 stylum
808 3190 887 3263 juris,
899 3210 953 3251 non
968 3196 1091 3273 Porplry-
1105 3200 1129 3264 c
1145 3201 1267 3256 inuocato
1283 3196 1369 3252 tribus
1381 3195 1407 3252 in
1427 3193 1550 3267 personis
1564 3192 1630 3262 oen,
1652 3200 1841 3251 sacramentnm
1853 3204 1913 3246 sauc-

290 3269 324 3325 rii
337 3269 487 3324 rudimenta
501 3273 605 3333 serram
626 3278 688 3319 narn
699 3264 768 3327 iuris
788 3265 949 3335 interpretes
970 3273 1090 3337 speeiem
1145 3270 1302 3327 nicationis
1314 3276 1526 3340 mosenuuntur,
1537 3280 1628 3337 aeper
1638 3268 1712 3337 ipsas
1725 3262 1912 3322 lleuabunuinen

291 3340 428 3411 appellant
454 3352 551 3409 penus,
572 3346 601 3393 et
624 3336 790 3411 individuum
819 3338 950 3407 spectem..
975 3352 1005 3396 ut
1041 3342 1093 3398 lto-
1142 3342 1299 3399 sanctiticat.
1324 3342 1379 3397 lloc
1399 3348 1501 3396 tantum
1518 3341 1556 3393 ait
1575 3338 1734 3421 Septimium
1755 3338 1855 3394 Pan·-
1876 3332 1913 3387 P*

291 3413 392 3469 minem
419 3419 447 3466 et
472 3424 569 3479 currunt
589 3421 708 3481 genera.
731 3405 831 3463 Titium
858 3416 885 3465 et
908 3410 1090 3481 Bucepltalurn
1143 3426 1198 3470 trus
1224 3415 1252 3467 in
1281 3410 1367 3466 Tiberi
1391 3412 1477 3467 tinuit.
1496 3410 1591 3467 Parate
1616 3410 1800 3483 rpiturlionuae
1816 3406 1858 3463 luit
1875 3404 1913 3458 ali·
1984 3451 1985 3466 ,

291 3498 304 3538 s
324 3482 415 3538 ecies:
430 3481 470 3537 sic
483 3478 615 3541 tullianus,
628 3479 646 3533 Ι.
659 3476 726 3545 Lttl,
742 3474 770 3533 tt.
785 3477 819 3534 de
830 3478 936 3534 rerbor.
952 3480 1050 3554 dilig..
1065 3491 1093 3541 et
1143 3483 1263 3557 quando,
1278 3482 1350 3555 quod
1372 3498 1473 3553 negare
1485 3489 1531 3536 aut
1555 3481 1649 3537 saltem
1663 3482 1746 3538 relrrti
1757 3480 1855 3537 dubium
1866 3484 1921 3546 pro‘

317 3554 432 3626 lpianns,
459 3552 477 3607 l.
491 3550 578 3614 xxti,
593 3546 622 3604 n.
640 3549 801 3621 delegatis.
816 3548 882 3605 itte
900 3551 1037 3618 boecium,
1063 3556 1091 3610 in
1144 3571 1245 3626 ponem
1268 3554 1552 3610 aususesttlalrinus.
1573 3545 1912 3620 Tertolbannsiistarnpon'·

291 3626 394 3697 'lopioo
417 3624 525 3682 uitur.
540 3621 591 3677 lor.
606 3622 723 3693 etlepnl.
740 3620 834 3695 discip
858 3620 1092 3683 Gotlrolredasta-
1144 3628 1327 3686 bosricinus.
1341 3636 1472 3682 mearum
1483 3622 1914 3696 mimmlitipemobseua

291 3712 364 3763 meru,
379 3696 405 3751 iu
420 3696 438 3749 l.
452 3691 673 3762 ulteriorando
688 3693 795 3749 tratrere
807 3693 978 3751 Aristotelem
990 3696 1017 3754 in
1027 3712 1091 3753 seu·
1145 3707 1198 3763 tor,
1214 3698 1258 3755 lule
1269 3708 1297 3754 et
1310 3697 1357 3753 lib.
1372 3697 1408 3754 de
1430 3698 1583 3767 praescript.
1598 3712 1655 3755 rem
1667 3697 1775 3753 dubiam
1785 3708 1836 3751 uon
1846 3691 1912 3748 rulo·

292 3838 489 3909 telemspecies
512 3841 701 3907 eatemieptur
717 3838 1033 3909 lubricationemque
1047 3840 1090 3895 ln·
1179 3842 1218 3912 (c)
1238 3838 1408 3914 idololatrica-
1425 3849 1470 3895 uot
1501 3841 1583 3912 stupri
1601 3848 1646 3895 uret
1666 3840 1774 3911 praedia
1790 3837 1850 3893 ttae
1864 3838 1913 3887 stoi

291 3910 398 3968 dividua
426 3915 516 3989 tepora
537 3912 598 3990 alin.
616 3906 714 3961 Verum
737 3907 825 3962 minus
845 3908 930 3979 logice
956 3922 1091 3967 assertant
1142 3913 1299 3984 principalia
1323 3911 1423 3967 delicta
1451 3926 1513 3982 uuae
1543 3912 1633 3971 statim
1657 3913 1734 3967 initio
1759 3910 1802 3965 lib.
1816 3906 1847 3962 de
1859 3901 1911 3983 idol·

292 3980 428 4037 videbitur
441 3980 598 4062 dialecticis,
619 3978 665 4061 qui
680 3992 727 4050 per
747 3984 838 4047 texere
851 3982 901 4061 diu
915 3978 1018 4037 utronea
1029 3998 1089 4053 rpe-
1141 3985 1253 4039 erimina
1264 3998 1326 4039 csse
1336 3983 1401 4038 dicit
1414 3984 1528 4039 exitiosa
1539 3993 1566 4039 et
1581 3983 1751 4039 devoratoria
1764 3979 1856 4037 salutis
1893 4001 1912 4055 ,-

291 4053 352 4177 οξῗ.
367 4050 511 4175 (ιηοάἀιριοιί
526 4049 642 4131 reddunt
653 4050 769 4173 rrlrfirnua,
785 4048 1003 4177 non'tntslligunt
1016 4052 1088 4108 indi·
1137 4055 1203 4130 ¹dem
1217 4057 1337 4127 adiungit
1351 4054 1522 4138 bourieidium
1531 4054 1666 4127 (uttodlric
1675 4049 1854 4137 pretermisit),
1863 4057 1912 4131 put

292 4127 844 4273 irritanti,tlltllttttltatltllt
857 4132 1089 4259 ialtitlll
1140 4124 1682 4269 tlt'ltlltsaltalttdttttt
1696 4120 1900 4272 ΜΨ

292 4276 349 4327 nno,
364 4269 400 4317 tta
415 4271 442 4317 ut
458 4262 508 4316 sub
525 4276 555 4317 se
572 4276 625 4318 nou
641 4270 795 4317 contineant
805 4261 883 4317 elram
894 4260 1025 4333 speciem,
1039 4266 1088 4323 sod
1174 4266 1251 4325 CAP.
1265 4267 1335 4326 V.-
1347 4267 1534 4341 (dismanare
1544 4258 1912 4331 wubsdimerrtiunttr.irduts

292 4342 397 4389 mutum
410 4330 556 4400 individua,
568 4342 591 4387 et
604 4348 683 4415 penas
692 4332 913 4416 intercluserunt
958 4334 1011 4392 uod
1025 4351 1087 4395 vere
1138 4340 1351 4413 seilicetangeto
1360 4356 1394 4398 ac
1405 4341 1505 4412 Spiritu
1516 4336 1876 4413 saneto,ideoquesterilibus.
1885 4331 1913 4385 dl

292 4411 335 4461 est
346 4418 441 4488 penus,
459 4404 508 4459 sed
527 4402 690 4486 ¹praedicatur
709 4406 743 4459 de
755 4404 878 4473 pluribus
901 4374 927 4460 di
979 4407 1087 4465 entibus
1138 4412 1237 4467 nostris
1248 4412 1324 4482 aarum
1336 4414 1495 4484 superuenit
1504 4412 1619 4484 Spiritus
1632 4413 1667 4470 de
1678 4404 1912 4490 emissariorum

292 4490 384 4557 specte
397 4484 511 4539 tanatos,
526 4482 563 4557 tta
585 4484 614 4529 nt
625 4473 695 4557 allud
737 4547 752 4558 ..
769 4490 802 4559 ns
813 4476 900 4532 subse
919 4477 1087 4535 nullomodo
1140 4495 1187 4538 cas
1200 4483 1235 4539 de
1248 4485 1404 4555 semetipso,
1414 4484 1488 4540 etita
1496 4484 1680 4548 sanctificatae,
1692 4486 1744 4538 niun
1754 4470 1912 4554 muetrnoub

293 4556 395 4673 affl
408 4546 457 4673 ’fg
466 4554 571 4673 cotegna
582 4554 731 4671 Ιρνοοῖὖοάοηϊ
746 4556 851 4673 rostrata,
867 4546 932 4632 bro.
966 4620 972 4633 ι
1100 4516 1304 4637 Deoucipiunt,
1316 4570 1398 4626 quare
1410 4564 1439 4612 et
1450 4556 1567 4639 purime,
1579 4570 1676 4639 nempe
1689 4550 1911 4673 Christianosffiib

291 4658 413 4763 91Μὰ
421 4617 1091 4773 ffilrcssmggrvmmmmwss
1140 4624 1263 4683 hmurnee
1272 4634 1391 4752 aarum.
1407 4624 1546 4694 Paululum,
1559 4636 1639 4751 epist.
1653 4626 1688 4751 ad
1699 4625 1832 4753 ¹Scretoru,
1893 4653 1899 4665 ·

293 4762 370 4828 done,
386 4770 410 4815 et
429 4776 493 4832 quor
508 4756 637 4815 Petrurrn
651 4757 939 4817 Trierttrnart.Neode
952 4761 989 4817 tu
1021 4764 1092 4821 lamo
1203 4739 1307 4790 ⁸²¹¹&OE
1317 4754 1342 4789 ¹¹¹
1354 4740 1419 4791 '¹⁰⁰⁰
1429 4740 1492 4791 “¹²¹⁰
1501 4740 1630 4792 ⁶⁰⁵⁰⁰¹¹⁴¹¹²
1640 4740 1746 4804 Simu*
1755 4746 1849 4789 ’mm‘

292 4832 392 4888 Cirisd
412 4832 513 4900 majora
538 4830 672 4901 octuplam
690 4830 787 4887 dixerit
796 4831 830 4885 iis
844 4846 903 4901 neae
919 4830 955 4889 de
995 4838 1093 4899 camnis

1868 3972 1901 4030 tn

1872 4128 1912 4189 os

1984 4508 1986 4567 t

1984 4569 1986 4649 l

1235 4802 1666 4874 Coelesdquesaoraslonteuraritat
1675 4808 1811 4868 mursae
1837 4794 1883 4845 lta.
1984 4799 1986 4826 ²

294 4902 427 4973 baptismo
442 4902 579 4969 Paulinus,
595 4904 622 4958 iu
637 4900 763 4959 Carmine
774 4902 809 4959 de
820 4902 898 4959 ioarn
910 4902 1006 4974 Rapa:
1153 4941 1157 4947 «
1172 4906 1218 5033 ί5ο)
1237 4900 1314 4977 ipsos
1333 4908 1410 4964 edunt
1422 4908 1484 4963 deor
1509 4924 1569 4963 reor
1583 4907 1750 4965 deuotionibus
1766 4902 1868 4972 epam
1881 4894 1908 4947 li
1984 4958 1986 4961 ,

1143 4986 1171 5032 tu
1202 4977 1236 5033 de
1258 4978 1343 5044 sacris
1364 4978 1455 5035 llatrls
1478 4981 1588 5035 deorum
1616 4980 1724 5037 disertis
1746 4975 1827 5034 ambis
1846 4963 1909 5025 tradit

354 5014 439 5078 Perge
452 5014 527 5078 igitur
538 5023 635 5066 sanctas
646 5012 824 5078 puriJordauis
836 5014 961 5077 aduodes,
976 5025 1027 5067 ete.
1143 5048 1173 5103 Β.
1190 5050 1302 5121 August·
1323 5047 1380 5124 (Μ’
1405 5050 1427 5105 fl
1448 5048 1798 5122 dect-mummaw
1812 5036 1908 5099 rhodo,
1984 5056 1986 5076 ,

293 5118 328 5174 tta
342 5127 434 5175 tamen
445 5118 489 5173 ltis
501 5118 659 5174 Tertulliani
667 5119 755 5175 uerbis
770 5118 821 5173 boc
836 5126 939 5174 tantum
954 5119 1090 5191 sigaridra·
1142 5120 1239 5190 inouit,
1252 5122 1422 5190 turpissimis,
1438 5123 1484 5193 qui
1498 5120 1549 5186 diis
1563 5122 1720 5193 deabusque
1731 5114 1908 5187 estimantur,
1984 5138 1986 5169 ;

293 5200 348 5258 tur,
357 5191 384 5246 in
403 5204 498 5246 mussa
509 5190 540 5245 ba

562 5190 743 5246 tiarninullam
757 5204 818 5246 esse
832 5191 997 5261 interaouns
1011 5192 1088 5249 dide·
1141 5191 1350 5247 oblectabamur.
1380 5192 1488 5249 caelesti
1519 5192 1579 5249 dee
1603 5204 1631 5250 et
1656 5188 1829 5264 Berecymbiae
1846 5181 1907 5265 illm
1984 5191 1985 5246 ἶ

292 5262 417 5329 rentiam,
434 5274 520 5333 neque
541 5206 609 5317 flauo
621 5276 681 5318 esse
693 5258 904 5332 praestantiorem
918 5263 980 5317 alia.
996 5262 1088 5335 ltaque
1141 5263 1253 5319 deorum
1278 5266 1407 5328 onmium,
1423 5272 1485 5319 ante
1499 5264 1557 5335 cios
1571 5264 1705 5333 lecticam,
1720 5265 1761 5317 dre
1775 5249 1903 5315 utensit-
1984 5277 1986 5304 2

292 5347 347 5389 nnn
358 5332 470 5398 referre,
498 5332 565 5387 mari
590 5330 651 5404 quis
663 5342 812 5403 aucupen,
830 5332 940 5389 dauntre
952 5350 985 5389 au
999 5334 1085 5405 lente,
1140 5334 1247 5388 untionis
1267 5335 1331 5405 eiua,
1353 5335 1415 5390 talia
1434 5350 1482 5406 per
1497 5335 1632 5408 publicum
1652 5334 1904 5392 cantitabanturanu·
1984 5345 1986 5366 ε

291 5404 352 5459 lucu
363 5418 397 5458 an
410 5402 486 5459 alueo
499 5402 624 5459 diluatur.
636 5402 729 5475 Neque
748 5406 820 5461 enirn
842 5404 902 5474 plns
914 5404 1007 5462 salutis
1017 5420 1083 5462 eon·
1138 5405 1275 5478 quissimis
1287 5406 1411 5471 scenicis,
1424 5406 1513 5476 qualia
1528 5421 1581 5463 non
1608 5407 1668 5464 dico
1686 5406 1791 5463 llatrem
1806 5398 1904 5479 ηοηηηη,
1984 5406 1986 5440 ³

291 5474 386 5531 tulisse
397 5474 526 5543 Tiberim,
541 5475 569 5531 in
582 5489 636 5547 quo
646 5476 833 5541 Petrustinnit,
850 5491 930 5547 qrraru
939 5474 1083 5533 Iordanem
1135 5478 1183 5533 sed
1194 5490 1244 5532 nee
1254 5487 1367 5533 matrem
1381 5478 1501 5549 ipsorum
1511 5480 1679 5541 scenicorum
1688 5480 1791 5535 deceret
1798 5468 1882 5527 andun-
1894 5476 1902 5511 t
1984 5463 1986 5488 ¹

291 5546 318 5600 in
331 5560 384 5629 quo
390 5545 517 5629 lestines,
530 5546 567 5601 uti
580 5560 630 5601 nec
643 5546 715 5600 illam
730 5547 869 5629 obriarnet
883 5546 1021 5603 lortuitanr
1030 5564 1083 5631 pua
1136 5551 1175 5604 ire
1186 5547 1265 5619 paulo
1279 5556 1339 5618 post
1354 5566 1372 5631 z·
1387 5567 1397 5601 a
1418 5546 1485 5633 Quae
1507 5558 1570 5606 sunt
1583 5550 1731 5623 sacrilegia,
1750 5546 1773 5603 si
1786 5541 1825 5599 illa
1841 5538 1903 5593 erati

292 5615 973 5757 ¹²¹¹·¹'rruacrntaranraacr
1136 5620 1786 5751 concrescat·tat-teta
1829 5615 1897 5735 tt

292 5686 475 5831 {mestun
489 5772 637 5832 squameo
651 5758 819 5816 sanctilleant
830 5728 839 5813 ε’
845 5760 893 5816 sed
907 5705 1002 5818 omne}
1009 5728 1086 5837 anua
1136 5760 1248 5817 deorum
1262 5728 1358 5833 magna
1371 5729 1467 5836 pompa
1481 5780 1495 5820 a
1507 5705 1787 5822 effitianrfdunslmguott
1796 5750 1895 5811 lanto.
