4084 6334
737 192 751 239 1

255 302 313 365 925
796 299 833 360 ill
848 298 1084 365 mumulini
1100 302 1366 371 thomassinus
1663 301 1665 309 ’
1867 314 1920 379 m

258 418 549 494 Hieronymussutem.
559 416 833 495 neminssioqillatim
843 420 987 495 appellato,
999 424 1185 489 oar-limes
1212 428 1282 485 inter
1295 443 1325 486 se
1348 429 1488 501 componit
1508 443 1541 491 ae
1556 432 1651 493 horum
1672 442 1725 494 tan
1748 447 1916 510 corruptas,

258 524 302 572 rat
316 514 446 589 quosdam
466 511 642 585 philosophos
662 511 715 573 sihi
734 513 830 571 oculos
851 515 972 587 eruisse;
985 531 1021 575 rte
1042 532 1057 573 a
1109 534 1188 590 quam
1204 520 1311 576 illorum
1327 521 1464 593 perlectas
1479 540 1540 584 esse
1561 528 1738 589 demonstrat.
1759 532 1834 589 Eam
1854 548 1918 589 sero

151 606 157 617 ‘
258 606 485 679 contemplatione
510 604 691 679 philosophiae
713 615 904 674 avocarenttu,
920 616 949 667 et
973 616 1057 668 totam
1109 614 1335 685 comparationem
1348 630 1382 673 eo
1395 618 1547 675 accuratius
1567 620 1692 693 institnit,
1707 639 1764 698 qno
1779 626 1916 697 inportu·

258 701 447 772 cogitationem
456 699 489 755 ad
500 699 1055 787 mentispuritatemcopercotlllieronpnt.
1109 703 1170 761 nius
1189 703 1289 760 ethnici
1309 706 1449 765 clamitare
1470 710 1595 769 sclehotrl
1615 715 1798 789 philosophos
1822 732 1916 789 parent

258 792 398 851 hullalu,
411 793 512 863 souin,
522 810 582 867 pop.
598 794 664 861 2⁰3.
683 803 708 853 el
718 794 803 864 Epist.
816 796 853 855 55
862 796 898 853 od
907 797 1033 870 Aliquem
1047 840 1057 869 ,
1108 802 1188 867 atquc
1201 796 1363 855 christianos
1377 801 1494 871 profiteri
1507 804 1689 874 inserentisss,
1702 810 1849 881 justitient,
1870 828 1917 884 pu·

259 903 319 961 prp.
332 883 417 959 580).
430 884 497 955 Quis
511 894 604 943 autum
618 886 759 945 lacilesihi
772 887 929 958 persuaderi
944 904 998 945 non
1018 890 1056 947 si·
1110 890 1235 959 tlensium,
1257 892 1420 951 solrierotem
1436 895 1445 967 (
1459 895 1609 955 Tertulliano.
1625 901 1778 976 Apolopet„
1796 920 1858 975 cop.
1872 906 1915 975 ts,
2006 936 2007 977 t

260 988 310 1036 net
323 978 506 1037 Democritum
521 994 603 1037 unum
617 978 703 1038 luisse
717 996 751 1039 es
766 981 809 1039 his
820 980 1005 1055 philosophis,
1026 996 1058 1041 ac
1110 982 1266 1057 popilii).
1281 985 1392 1043 demut
1411 988 1504 1059 plures
1524 991 1689 1059 omittemus,
1704 995 1809 1055 eodem
1822 996 1917 1055 Gelam
2006 978 2007 1009 ³

259 1072 374 1133 forsitan
389 1075 574 1147 precipuum?
671 1068 675 1077 '
1110 1074 1192 1132 modo
1201 1084 1294 1133 contm
1306 1078 1469 1139 christianos
1482 1081 1636 1153 disputrhal
1654 1086 1747 1160 (Orip.
1760 1088 1811 1145 lile.
1827 1089 1916 1144 lcosu.

295 1167 426 1237 Quamuis
446 1166 659 1240 itaquequidam
679 1168 715 1225 de
734 1167 884 1225 uoluntaria
899 1166 958 1239 ejus
976 1168 1056 1225 creci-
1110 1164 1919 1251 Cels.,pop.6l.liihilnori,aiehot‚uilrilmsgnidomo·
2006 1240 2007 1245 ,

260 1260 465 1316 tatcduhitasse
486 1260 643 1330 rideantur,
659 1260 749 1333 plures
768 1272 857 1319 tanren
881 1260 952 1319 illius
976 1270 1060 1321 tostos
1110 1258 1186 1315 rihus
1216 1259 1363 1317 cltiistiaua
1388 1261 1529 1335 disciplina
1550 1268 1655 1335 attulit,
1669 1272 1742 1342 qood
1763 1286 1832 1329 eum
1860 1274 1918 1330 silis

261 1351 414 1409 citavimus.
430 1355 467 1410 ltt
483 1361 558 1411 certe
583 1354 662 1426 longe
676 1356 818 1427 pauciores
835 1366 1001 1433 occorrtmt²
1012 1355 1059 1429 qui
1111 1351 1228 1422 antiquis
1243 1351 1411 1427 philosophis
1423 1370 1478 1414 nort
1493 1358 1574 1416 luerit
1594 1376 1755 1433 commune,
1773 1374 1805 1423 et
1825 1366 1861 1422 ah
1879 1368 1918 1425 eis

259 1443 388 1501 eumdem
396 1444 577 1505 Democritum
585 1447 680 1515 oculis,
694 1462 729 1503 nc
748 1444 872 1505 loendnas
886 1440 1060 1519 cottcupiscc·
1111 1444 1249 1501 tradituro.
1809 1484 1814 1491 ‚

261 1525 443 1608 res‚seipsum
450 1537 724 1610 privasseperltihcnt
734 1538 1060 1612 Erpettdastamenrelim
1149 1535 1333 1595 Tertullianus
1353 1539 1434 1611 igilur
1446 1540 1570 1601 ctltmccs
1582 1544 1609 1601 id
1621 1546 1785 1618 objicientes
1797 1551 1917 1620 generali

262 1638 352 1687 ntroin
373 1626 499 1701 sophista
522 1629 659 1687 Himerius
672 1632 743 1703 apud
765 1631 888 1689 Pholium
904 1632 970 1689 illud
986 1632 1062 1691 hisce
1113 1626 1229 1699 primum
1241 1626 1346 1685 ratione
1358 1629 1457 1687 relellit
1469 1641 1497 1691 ct
1508 1643 1654 1706 espuqnat.
1667 1638 1696 1694 si
1708 1638 1807 1707 iidem,
1821 1638 1913 1712 iuquit,

261 1719 353 1777 serhis
367 1734 420 1776 uon
436 1720 613 1779 iudicaverit:
634 1730 691 1777 uuo
701 1727 726 1777 tr
740 1726 814 1782 000
831 1741 902 1794 σῶμα
916 1726 1063 1799 sepeque.
1114 1718 1169 1775 sint
1180 1718 1403 1793 philosophorum
1417 1738 1450 1781 ac
1461 1724 1672 1785 christianorum
1682 1745 1789 1799 mores,
1803 1733 1917 1789 eedem·

152 1859 157 1870 ,
263 1816 302 1869 lta
316 1819 410 1887 ὑγιαίνῃ
426 1818 459 1873 τὶ
470 1825 600 1887 spinosa.
626 1813 777 1873 Voluntario
797 1816 958 1876 deoroeritus
976 1817 1064 1875 utorio
1077 1830 1103 1893 p
1116 1827 1167 1884 que
1181 1814 1303 1885 virtutes,
1316 1816 1423 1888 utrique
1435 1817 1806 1889 prolectcdehcnteamdem
1817 1823 1917 1885 hahere

262 1924 356 1980 corpus
383 1908 484 1981 apperte,
513 1918 542 1965 st
572 1908 657 1981 potios
681 1926 742 1981 poss
765 1926 831 1967 soso
856 1921 920 1969 esset
944 1908 1056 1985 (Picti.
1116 1904 1275 1977 profitendae
1289 1906 1430 1979 religiosis
1443 1924 1499 1967 suae
1513 1910 1680 1971 laculhtest.
1696 1913 1916 1989 0000030000-

211 2026 216 2034 ,
263 1998 399 2068 qu-opp,
415 2000 473 2055 ⁶04,
488 1999 552 2066 w,
567 2019 628 2075 Μ,
643 2000 712 2059 qup
721 2002 742 2073 q,
754 2002 850 2061 Nonne
863 2004 936 2061 enim
950 2004 1060 2077 poppe.
1113 1990 1204 2059 stisni,
1221 2006 1275 2049 nun
1293 2002 1382 2048 autem
1398 1993 1563 2069 philosophi,
1576 1998 1639 2065 diis,
1654 1999 1727 2057 sicut
1742 2000 1817 2061 inira
1831 2001 1913 2072 expli·

263 2096 348 2151 nerali
373 2095 500 2168 loquendi
522 2097 605 2153 modo
624 2107 801 2168 spontaneam
816 2097 969 2171 designarit
988 2098 1063 2158 illius
1113 2080 1399 2158 fflbifflliT'ffllmlil·
1420 2086 1556 2161 “Mil-is
1568 2091 1716 2162 Wifiwl
1729 2094 1913 2167 wdtlmm,

265 2188 429 2257 caecitatem,
445 2190 498 2260 'qua
510 2189 631 2245 voluerat
645 2190 782 2259 animum,
798 2190 932 2262 potiorem
945 2191 987 2249 sui
1000 2208 1062 2263 pap.
1113 2186 1157 2239 out
1169 2176 1287 2235 lucernas
1307 2179 1412 2238 uwrids’e
1424 2196 1503 2239 lullus
1517 2188 1631 2255 pl'lll'mt
1646 2196 1654 2255 l
1667 2186 1804 2259 Rlsshiiills
1823 2198 1913 2247 cunin

269 2290 338 2349 tem,
359 2281 474 2339 sanare!
493 2279 560 2337 litut
581 2281 634 2349 sit,
656 2290 730 2339 certe
752 2280 891 2339 christiani
911 2281 1062 2339 uoluntaria
1113 2272 1358 2345 dlettttscriplorutn
1376 2275 1552 2335 ctcditosum
1567 2280 1692 2337 codicum
1714 2284 1799 2341 lidcm
1822 2284 1913 2355 presti-

263 2374 420 2447 hujusmodi
431 2376 552 2432 caecitate
563 2388 631 2448 opus
643 2390 697 2431 non
710 2374 856 2445 habehant,
866 2374 913 2447 qui
925 2375 1017 2432 auimo
1026 2375 1062 2433 ad
1114 2369 1205 2439 tuere)
1232 2367 1443 2439 Clmllfllllilll?
1465 2368 1515 2427 ‘llll
1535 2372 1695 2445 00000010,
1710 2379 1801 2449 pergit
1821 2386 1914 2433 lucini

263 2470 509 2541 concupiscendum
528 2470 605 2539 caeci,
618 2484 673 2527 oon
692 2470 781 2527 solum
803 2470 988 2543 prescriptam
1002 2470 1063 2543 lego
1114 2466 1218 2527 ”illiers
1233 2457 1293 2515 ‘¹⁶⁰⁸
1310 2470 1407 2515 lilim
1419 2462 1508 2534 lilim
1524 2464 1667 2534 ww·
1682 2476 1706 2521 θ’
1720 2469 1913 2539 “filistiim

265 2563 356 2619 diuina
370 2564 521 2627 castitatem
534 2576 653 2631 summo,
666 2562 756 2619 studio
769 2563 904 2629 colebant,
920 2562 968 2621 sed
982 2562 1063 2635 pluri·
1113 2559 1210 2607 ”W
1225 2554 1415 2610 willimari&
1425 2571 1524 2628 ‘llllll
1537 2568 1676 2628 mmmm,
1690 2560 1858 2618 0104000008
1870 2578 1911 2617 00·

263 2656 300 2713 mi
326 2653 428 2724 etiam,
454 2652 682 2725 quomadmodum
714 2654 794 2725 paulo
816 2663 880 2713 aute
905 2653 1062 2712 dicebamus
1114 2644 1161 2701 ⁶5¹·
1172 2644 1254 2703 Talei*
1265 2646 1365 2720 quippe
1379 2647 1487 2710 suelli!
1500 2650 1640 2722 0000003,
1652 2652 1825 2725 Theodorus,
1835 2655 1912 2712 etlil-

265 2748 376 2820 (sipi.
389 2748 437 2802 loc
451 2756 584 2818 capot.
597 2746 646 2817 tt.
661 2754 718 2804 toto
730 2748 793 2803 vtro
814 2762 871 2805 sou
889 2755 1011 2819 empore
1034 2746 1062 2803 m
1113 2750 1236 2807 cascos.
1248 2739 1389 2811 nequino
1401 2741 1579 2814 atutoptmos
1593 2742 1747 2818 (mouet.
1763 2748 1792 2803 in
1807 2747 1908 2812 1000,

263 2839 425 2912 uirginitatis
438 2846 511 2895 statu
525 2852 698 2908 perseuerare
711 2846 918 2896 consueveram
1114 2843 1172 2899 clll-
1186 2829 1233 2894 25·
1247 2840 1298 2887 ort.
1314 2830 1342 2901 ἲ,
1358 2840 1380 2888 ⁶²
1397 2831 1532 2891 Diuerldl·
1546 2851 1647 2907 super„
1661 2854 1720 2910 esp.
1735 2840 1783 2909 ll,
1798 2850 1848 2895 oss.
1865 2839 1908 2915 l).

301 2933 423 3003 lienique
434 2930 617 2988 Tertullianus
631 2931 734 2990 recenti
747 2930 836 2987 adhuc
849 2929 974 3001 exemplo
986 2929 1063 2987 eritr-
1113 2918 1168 2979 Sed
1189 2922 1251 2996 (llil
1273 2923 1320 2981 ille
1340 2925 1447 2996 adjecit,
1461 2925 1637 2987 humilibus
1650 2933 1743 3007 veiis(
1760 2932 1908 2991 Tertullum.

264 3023 303 3081 cit
312 3022 474 3079 christianos
488 3021 523 3078 dc
535 3022 667 3081 seruanda
686 3023 810 3079 castitate
820 3031 895 3080 tertto
909 3022 995 3095 tnagis
1005 3021 1062 3080 sol·
1114 3014 1260 3090 lpotopet„
1276 3034 1334 3091 cop.
1346 3020 1389 3087 Η,
1402 3036 1463 3093 utc-
1472 3022 1528 3079 548
1540 3022 1562 3094 l,
1573 3026 1659 3097 ungis
1668 3025 1782 3085 lossitan
1796 3029 1909 3085 indicare

264 3115 353 3173 licitos
366 3112 460 3184 luisse,
469 3124 569 3187 quanto
581 3114 764 3189 impudentius
771 3115 829 3173 lucc
839 3115 924 3173 uirtus
934 3114 969 3175 ah
978 3115 1063 3176 euroi-
1115 3110 1220 3167 ridetur
1232 3110 1373 3171 Socratem
1386 3117 1420 3173 alr
1434 3130 1468 3173 eo
1489 3119 1628 3189 proxime,
1644 3130 1672 3177 et
1689 3130 1789 3193 antea,
1806 3124 1910 3179 nornine

264 3210 304 3265 cis
327 3206 485 3263 lanciator.
506 3207 593 3275 hodi,
605 3222 716 3281 quaeso,
731 3207 828 3280 quihus
848 3207 894 3263 ille
912 3207 1001 3265 terhis
1011 3205 1062 3265 hos
1076 3239 1100 3305 C
1115 3218 1165 3261 suo
1176 3205 1352 3277 appellatum,
1365 3219 1446 3280 atque
1460 3209 1623 3281 Epicurum,
1637 3213 1749 3285 ejusque
1764 3214 1907 3281 asseclatu,

263 3302 395 3357 castitatis
422 3315 517 3359 osores
534 3301 700 3373 alloquatur,
715 3309 744 3361 ct
762 3300 879 3371 exagitet
895 3316 902 3356 :
927 3298 1061 3369 Proxime,
1115 3306 1143 3355 et
1154 3296 1344 3357 aduriratorcm
1356 3300 1511 3359 Lucretium
1522 3344 1530 3371 ‚
1542 3312 1622 3375 ntqm
1636 3305 1796 3381 Ciceronem
1807 3322 1844 3377 ‚a
1861 3318 1909 3377 quo

263 3395 359 3466 iuquit,
373 3394 408 3448 orl
418 3395 686 3451 leraorremdomnoudo
697 3395 876 3464 cltristr'onaot,
891 3394 1063 3472 potiusquam
1114 3392 1254 3462 gentilium
1266 3392 1303 3449 dii
1316 3394 1345 3451 iu
1357 3394 1415 3453 sois
1428 3394 1464 3453 tle
1477 3396 1585 3453 illorum
1597 3406 1693 3455 natura
1705 3399 1781 3456 lihris
1795 3398 1908 3456 fortuitus

265 3491 300 3545 od
310 3490 419 3560 00000,
429 3491 537 3563 consuti
549 3491 610 3545 estis
622 3490 703 3545 lolem
714 3491 844 3562 pudicitie
853 3490 923 3561 opud
935 3505 983 3547 nos
993 3497 1063 3547 utro-
1115 3486 1255 3543 tolluntur.

264 3583 358 3639 olorem
370 3583 440 3638 ononi
453 3599 537 3655 pietro,
549 3592 572 3638 el
587 3584 657 3639 otrtnr'
669 3592 750 3639 rrtorle
761 3584 874 3655 sepultus¹
887 3581 897 3657 (
908 3581 1061 3639 Tertulliou.
1149 3578 1215 3635 cnm
1236 3594 1301 3637 tero
1325 3588 1419 3641 euclot·
1441 3590 1533 3639 nuslcr
1555 3581 1658 3640 addidit
1672 3584 1682 3659 l
1696 3582 1767 3639 llll.
1784 3600 1843 3655 sap.
1857 3580 1905 3649 ll,

264 3675 409 3749 Apolopes„
420 3691 478 3747 esp.
488 3674 534 3743 50,
545 3691 605 3747 pop.
615 3674 669 3732 530
678 3675 700 3747 l.
709 3676 868 3747 Quanquam
877 3684 967 3732 auteur
984 3674 1063 3733 nohis
1115 3689 1176 3746 pop.
1186 3668 1252 3745 500)
1267 3690 1274 3727 :
1287 3674 1477 3744 superstitiones
1488 3684 1582 3732 vestrm
1592 3678 1762 3746 occusost,ad
1772 3676 1906 3743 Settemm,

266 3768 402 3841 irrcoqrrita
415 3769 452 3825 sit
465 3769 509 3824 illa
523 3770 618 3826 mulier
629 3768 777 3826 christiana
789 3785 798 3836 ;
808 3770 836 3828 iu
846 3767 957 3825 dubium
973 3781 1063 3831 nmen
1115 3786 1195 3843 quem
1209 3771 1284 3843 prius
1295 3772 1439 3837 citaverat,
1452 3772 1522 3829 haud
1534 3771 1615 3829 duhie
1625 3773 1802 3851 respexitlhi
1816 3774 1907 3847 quippo

266 3864 357 3922 nullus
375 3878 504 3922 rovocare
520 3874 609 3939 potest
620 3905 629 3933 ,
640 3864 706 3935 quin
718 3878 765 3936 ea,
781 3864 861 3939 paulo
873 3871 937 3921 ante
949 3862 1063 3935 iniquis·
1115 3864 1208 3935 liticen,
1225 3864 1329 3939 inquit(
1343 3864 1413 3921 llid.
1426 3882 1486 3937 cop.
1500 3866 1544 3935 li,
1560 3882 1621 3939 pop.
1635 3866 1712 3943 537),
1725 3871 1794 3937 etus,
1806 3870 1847 3939 qui
1861 3866 1906 3923 Se-

155 3959 158 3964 ’
267 3960 337 4018 simo
351 3976 384 4019 ac
397 3961 553 4035 turpissimo
570 3960 674 4034 judicio
687 3963 721 4017 ad
736 3958 925 4033 lupanar-,uhi
937 3958 1064 4032 pudicitia
1115 3975 1205 4019 lrscturt
1228 3960 1337 4033 aliquem
1359 3959 1475 4032 plurilus
1496 3970 1519 4016 et
1541 3962 1709 4019 mnoricriius
1726 3962 1759 4017 de
1776 3973 1855 4019 uestro
1868 3976 1905 4015 ss·

266 4054 325 4126 ejus
334 4064 532 4126 expugnaretur
543 4054 670 4111 damnate
684 4054 776 4111 luerit.
790 4057 826 4111 ht
844 4068 899 4111 uon
911 4056 990 4111 unius
1002 4061 1064 4111 tan·
1117 4054 1264 4128 perstitiose
1279 4065 1438 4128 perorentent
1457 4056 1580 4125 prolatis.
1597 4053 1663 4125 Quo
1682 4056 1788 4127 quidem
1805 4056 1906 4112 Seuere

265 4165 323 4214 som
340 4150 472 4229 mulieris,
484 4150 532 4206 scd
543 4150 656 4217 aliarum
671 4153 787 4232 plurium
799 4152 950 4213 castimtem
964 4154 1066 4224 impro-
1115 4152 1197 4209 verita
1209 4150 1274 4207 alihi
1290 4148 1432 4205 retulimus
1446 4191 1454 4217 ,
1468 4156 1549 4221 atqtm
1561 4148 1629 4205 inira
1639 4148 1727 4205 adhoc
1738 4164 1842 4224 suoque
1853 4146 1905 4203 loco

264 4251 371 4311 hissimi
386 4252 510 4314 homines
520 4254 636 4314 ludibrio
648 4255 810 4313 hahuerunt.
821 4252 960 4311 Neminem
974 4265 1064 4313 antem
1116 4246 1278 4321 prolereoda
1291 4255 1363 4303 sunt.

266 4362 328 4406 esse
347 4356 483 4421 putatoris,
497 4351 542 4422 qui
559 4348 587 4405 in
601 4348 675 4407 hclis
694 4356 842 4423 martyrum
866 4348 941 4420 plora
959 4348 1065 4405 illarum
1152 4344 1221 4411 Quin
1232 4344 1326 4412 etiam,
1343 4342 1415 4415 qood
1434 4343 1558 4415 plerique,
1575 4343 1613 4399 nit
1627 4341 1713 4400 adhuc
1733 4340 1904 4399 Tertullianus

266 4441 391 4514 exemplo
409 4458 463 4499 non
478 4444 584 4518 legerit.
1118 4434 1207 4511 (illd.
1221 4452 1279 4508 cop.
1295 4434 1340 4506 ts,
1353 4452 1415 4509 pop.
1430 4434 1507 4508 500),
1525 4435 1673 4507 philosophi
1690 4436 1717 4490 in
1727 4428 1853 4509 principes
1870 4430 1904 4484 lo·

567 4539 682 4599 CAPUT
699 4539 770 4598 ltili
1117 4548 1194 4594 trorrl.
1209 4536 1237 4594 io
1252 4535 1370 4609 quodam
1387 4533 1518 4590 Vaticano
1530 4531 1624 4589 codice
1644 4531 1773 4602 scriptum
1789 4530 1904 4586 notarunt

268 4630 352 4700 Quom
367 4631 477 4691 adsurde
487 4634 583 4690 etlruiri
589 4635 744 4707 jactarerint
763 4653 838 4709 peres
849 4651 904 4692 esse
914 4633 980 4690 ulios
1004 4631 1061 4705 plri-
1075 4645 1103 4707 Β
1119 4633 1265 4690 Lacerant:
1279 4629 1328 4687 sed
1349 4629 1437 4685 minus
1459 4627 1537 4684 hene.
1550 4625 1614 4683 Nam
1626 4626 1660 4683 de
1670 4624 1800 4682 industria
1814 4622 1904 4679 dixisse

301 4725 467 4797 losoplrorttm
478 4742 583 4782 suorum
594 4738 670 4798 utque
686 4729 890 4785 Christianorum
902 4728 1019 4792 uirtutem
1033 4740 1065 4779 oe
1115 4727 1222 4784 videtur
1234 4726 1342 4792 latrant,
1365 4722 1471 4793 hocque
1486 4721 1569 4777 uerbo
1593 4716 1776 4791 perstringere
1787 4714 1902 4789 ¹cynicos.

301 4818 1065 4891 quontodoTertullionusurniorumoeros‚qsostillorum
1116 4820 1263 4890 imperator
1285 4813 1418 4886 siquidem
1441 4811 1642 4883 Vespasianus,
1671 4818 1739 4865 toste
1767 4804 1902 4865 Suetonio,

302 4912 383 4983 [oleos
395 4930 449 4970 esse
462 4914 636 4971 00000000.-
1117 4914 1274 4969 Demetrium
1287 4908 1418 4980 Cynicum,
1431 4908 1459 4961 itt
1469 4905 1559 4961 itinere
1568 4902 1668 4960 uirium
1677 4901 1725 4957 sihi
1736 4910 1794 4973 pasl
1808 4900 1904 4954 domna·

534 5023 680 5076 nnrtcotos
699 5021 805 5063 neruus.
1030 5000 1033 5005 ’
1116 5007 1221 5071 tionem,
1236 5021 1267 5060 or
1287 5014 1316 5061 stt
1336 5017 1416 5073 neque
1437 5014 1587 5071 orsusque,
1603 5012 1684 5068 neque
1696 4994 1810 5050 solutiore
1819 5007 1844 5048 se
1855 4988 1904 5056 utp-

268 5097 353 5167 Quont
375 5100 508 5158 immeritis
526 5099 646 5157 laudidus
657 5142 665 5167 ‚
678 5099 781 5165 statuis,
803 5106 828 5154 el
846 5098 949 5154 soloslis
969 5096 1065 5153 ethnici
1117 5108 1230 5167 tronione,
1244 5096 1414 5153 octrumum
1424 5092 1500 5149 etiem
1511 5092 1596 5146 nerem
1611 5087 1683 5161 quid,
1696 5088 1758 5142 sutis
1769 5084 1853 5141 salsis
1865 5091 1904 5132 er·
2006 5148 2007 5159 ἵ

302 5202 496 5247 remttuerarrurt
505 5193 680 5263 philosophos,
691 5192 735 5264 qui
745 5201 833 5262 sponte
843 5207 891 5246 suo
900 5187 1065 5246 destruebant
1116 5208 1174 5247 nem
1183 5189 1316 5263 appellare
1327 5188 1336 5262 l
1351 5187 1457 5243 Scolon.
1474 5184 1518 5239 lii.
1529 5182 1597 5253 llll,
1608 5184 1636 5239 ln
1645 5184 1691 5237 uit.
1703 5178 1820 5254 Vespere,
1831 5178 1844 5253 5
1855 5171 1902 5245 iil·

302 5285 408 5342 deorum
422 5288 530 5354 cultum,
542 5287 568 5340 in
576 5285 705 5357 principes
719 5285 858 5349 loreolam,
870 5301 922 5340 non
931 5284 1065 5357 ejiciebant
1115 5282 1213 5339 Narrat
1227 5296 1292 5338 vero
1312 5278 1464 5351 xiphilinus
1479 5276 1604 5333 eumdem
1628 5274 1821 5346 Vespasianum
1842 5266 1903 5325 ilat·
2006 5332 2007 5355 1

303 5378 525 5445 comemmorans
546 5378 695 5435 secundum
716 5378 781 5436 dms
795 5379 1062 5444 committebantur,
1116 5378 1186 5435 ciani
1198 5378 1306 5434 hortatu
1318 5374 1346 5431 in
1358 5376 1468 5433 exilium
1482 5372 1588 5431 misisse
1602 5366 1786 5441 philosophos,
1797 5374 1905 5442 propter·
2006 5366 2007 5445 l

303 5473 404 5527 tanmtsi
424 5472 578 5527 elrrlsdcuos
601 5482 691 5527 corruo
706 5473 752 5545 jus
766 5484 790 5528 et
803 5473 858 5545 los,
873 5483 978 5546 propter
991 5486 1067 5526 rursm
1117 5488 1148 5530 ea
1167 5472 1239 5545 qnod
1256 5486 1309 5527 non
1325 5480 1427 5527 tantum
1442 5470 1594 5527 Demetrius
1615 5468 1798 5542 illeCynicus,
1810 5457 1902 5525 sedulii

305 5566 430 5623 duntosct
446 5580 554 5634 somer,
573 5566 643 5621 omni
663 5566 850 5638 suppliciorum
864 5583 955 5640 pestere
975 5582 1066 5622 oreos·
1118 5580 1225 5639 qnoque
1240 5564 1392 5637 philosophi
1409 5562 1493 5620 multo
1515 5562 1693 5635 ignominiosa
1715 5560 1821 5633 puhlioe
1838 5556 1902 5613 dice·

304 5666 369 5714 rent.
1067 5694 1068 5699 κ
1116 5669 1178 5719 rent
1190 5662 1200 5733 (
1214 5658 1344 5734 Xiplrs'list.
1359 5659 1476 5732 epilem,
1491 5657 1536 5715 lli.
1551 5656 1594 5725 X,
1618 5674 1679 5730 pop.
1700 5654 1754 5713 220
1769 5666 1792 5712 el
1809 5668 1870 5725 seqq·
1882 5650 1900 5719 l·

304 5748 363 5805 Non
378 5750 462 5807 solam
473 5750 687 5808 Christianorum
706 5751 929 5825 ethnicorumque
950 5753 1063 5811 castita·
1116 5752 1437 5812 Privatimautemeidem
1457 5752 1594 5808 Dentetrio
1606 5766 1658 5806 non
1671 5747 1819 5822 quiescenti
1831 5736 1900 5803 scribi
2006 5784 2007 5807 t

262 5840 326 5898 'tem
339 5840 519 5900 Tertullianus
529 5851 632 5913 nouus,
645 5842 696 5901 ssd
706 5856 801 5902 cntoco
820 5852 999 5922 utrommque
1012 5846 1066 5903 uir·
1113 5848 1194 5925 jussit
1213 5860 1220 5906 t
1234 5845 1346 5905 Etiamsi
1359 5846 1443 5909 multo
1465 5858 1529 5919 agas
1543 5852 1643 5919 ¹‚morte
1657 5842 1754 5915 dipsa,
1769 5856 1801 5899 ac
1819 5836 1901 5913 jubere

2006 5582 2007 5621 l

2006 5632 2007 5663 t

1972 6290 2007 6321 ..0
