4084 6334
413 259 522 322 255

1088 249 1382 311 LECTom
1426 249 1727 311 ommno
1761 250 1821 308 S.
1864 251 1925 308 P.
1966 252 2031 307 D.
2072 247 2500 321 SIGEBERTUS
2537 249 3072 340 nsvuRCAMPUS.

3606 257 3718 335 ²⁵⁶.

416 328 611 435 diditus
638 375 843 434 vetustis
866 373 1160 444 adiecerat,
1201 369 1338 442 quod
1357 369 1480 425 milii
1506 366 1700 423 dudum
1726 382 1789 422 ex
1815 365 2009 423 Biblio·
2038 370 2094 431 A
2118 366 2256 439 quod
2272 383 2337 423 ex
2360 367 2554 423 duobus
2578 368 2747 439 parvis
2769 367 2850 422 Ad
2877 365 3128 424 Nationes
3162 365 3392 438 Libellis,
3439 385 3540 437 non
3573 330 3719 451 quie-‚-

415 472 561 528 tlteca
580 468 978 527 almeloveniana
1011 465 1064 519 in
1085 464 1193 534 eius
1222 462 1549 517 distractione
1572 475 2008 530 comparaveram.

417 557 618 630 Referri
646 558 821 626 forsan
846 551 1021 605 debent
1046 548 1115 603 ad
1140 547 1347 604 Codices
1374 546 1590 602 Iesuitoe
1613 545 1749 600 docti
1790 553 1835 600 et
1860 546 2011 600 amici

418 648 678 714 Scriverii,
710 643 966 701 Heriberti
998 642 1285 698 Rosvveidi.
1308 641 1391 696 Aa
1419 641 1719 698 illuuiem-te
1759 639 2011 710 pertinent

416 742 541 806 leoec,
574 753 688 810 qua·
711 737 839 792 libro
864 752 959 791 suo
986 735 1109 791 olim
1162 734 1384 805 proefixit
1430 733 1754 788 doctissimus
1782 730 2011 787 Senive-

419 847 539 890 mus
563 847 581 888 .·
608 850 627 884 ι
666 828 961 885 Hei-ibertus
1006 828 1234 900 Rosvvey
1257 827 1477 899 epistola
1493 843 1628 881 anino
1655 841 1839 883 nvem.
1870 834 2011 881 sexto

423 943 442 979 t
476 922 606 979 Maii
639 921 711 977 ad
754 938 832 976 me
859 921 1051 990 scripta
1080 937 1099 975 .·
1132 919 1331 976 Nactus
1358 934 1469 973 sum
1507 935 1671 989 nuper
1717 918 1818 971 duo
1844 932 2015 972 exem·

422 1036 441 1070 ι
480 1017 646 1089 plaria
697 1015 967 1086 MScripta
1009 1016 1370 1070 Avomcmici
1422 1012 1822 1068 Tem-numum
1853 1053 1868 1078 ,
1901 1028 2015 1083 quae

2118 462 2216 516 sita
2240 462 2330 517 sed
2357 463 2493 518 ultro
2521 462 2692 517 obtata
2715 460 2999 525 occasione,
3032 460 3086 514 in
3107 461 3204 516 hoc
3233 459 3289 516 Ν
3291 471 3427 518 ostro
3451 463 3712 521 Commen-

2120 555 2250 609 tario
2278 555 2393 625 plus
2417 554 2594 627 viqinti
2625 554 2836 609 mendas
2865 553 3241 620 sustulerimus,
3265 555 3321 610 in
3348 553 3553 628 quibus,
3587 573 3714 631 quo·

2118 647 2258 702 niam
2277 647 2476 701 nullum
2501 663 2534 701 a
2560 644 2730 704 MSS.
2763 647 2913 703 antico
2938 656 3139 703 tantum
3166 649 3456 720 superstite,
3483 660 3713 724 superest

2117 731 2418 803 subsidium,
2447 739 2650 809 ingenio
2675 740 2771 810 suit
2792 739 3179 812 indulqendum.

2192 827 2260 882 ld
2289 839 2456 883 tamen
2483 830 2603 884 sciri
2645 828 2812 899 velim,
2843 848 3082 902 magnam
3124 847 3228 886 non
3258 832 3410 889 modo
3446 849 3625 890 curam
3663 836 3719 892 in

2119 920 2214 974 hoc
2239 921 2609 977 Aronocarnco
2633 939 2666 976 a
2697 922 3084 980 Τιςιιτυιιυκο
3111 923 3413 993 adhibitam,
3439 926 3529 982 sed
3562 936 3611 983 et
3638 928 3718 986 teis

2117 1010 2255 1065 idem
2283 1012 2378 1065 hoc
2410 1010 2695 1084 Scriptum,
2723 1015 2804 1068 tn'c
2831 1014 2938 1069 illic
2982 1014 3192 1084 paulum
3231 1017 3286 1070 in
3330 1019 3492 1074 verbis
3517 1028 3566 1074 et
3599 1005 3716 1074 ora·r

422 1112 598 1168 entire
636 1110 965 1180 conspirant,
999 1117 1046 1163 et
1083 1117 1270 1163 veteres
1302 1107 1539 1161 lectiones
1584 1114 1789 1158 tuentur
1836 1112 2016 1158 contra
2121 1101 2256 1156 tione
2291 1104 2632 1173 immutatum,
2677 1105 2741 1157 ab
2779 1104 2871 1160 illo
2909 1105 2964 1160 in
3006 1105 3265 1176 publicum
3305 1109 3541 1164 emissum
3583 1127 3713 1178 esse,

424 1220 443 1256 t
478 1201 780 1259 Critimrum
807 1216 1039 1255 acumen.
1072 1197 1213 1255 Sane
1238 1198 1450 1252 miratus
1474 1213 1587 1251 snm
1616 1212 1855 1267 maynum
1878 1195 2015 1250 Sca.-
2120 1196 2258 1266 quod
2279 1194 2480 1250 Lectori
2503 1197 2777 1262 evidenter,
2810 1207 2863 1251 ut
2891 1206 3154 1269 putamus,
3185 1201 3474 1273 apparebit,
3513 1203 3557 1256 si
3594 1219 3717 1258 con·

427 1312 445 1346 ι
476 1294 713 1367 liqerum,
740 1292 877 1364 quod
904 1291 1236 1359 Gomphosin
1258 1289 1402 1343 nobis
1431 1290 1483 1342 in
1514 1288 1893 1343 ΤιειιτυιιιΑΝο
1924 1302 2015 1340 ex·
2123 1288 2285 1359 serat,
2314 1303 2430 1356 quoe
2449 1305 2480 1359 a
2505 1288 2647 1343 nobis
2676 1288 2963 1357 afferuntur
3001 1264 3203 1363 paqinis
3223 1291 3355 1348 292.
3395 1294 3445 1349 b.
3486 1293 3613 1359 515,
3660 1312 3712 1353 a.

430 1386 720 1459 vcoqitarit
743 1426 759 1450 ,
792 1382 1053 1457 plausibili
1088 1383 1287 1453 quidem
1318 1383 1607 1454 conjectura
1629 1423 1644 1448 ,
1693 1382 1781 1436 sed
1810 1381 2018 1437 mininie
2121 1379 2250 1435 ⁴09.
2276 1381 2349 1450 b.,
2381 1391 2428 1436 et
2455 1383 2736 1453 proesertim
2760 1382 2886 1452 439,
2906 1399 2956 1436 a.
2995 1383 3044 1437 b.
3075 1382 3187 1438 Nec
3234 1385 3290 1438 id
3334 1383 3520 1440 mirum
3557 1386 3717 1442 videri

431 1498 450 1534 t
485 1478 770 1533 necessaria
792 1517 807 1541 ,
838 1484 944 1532 etc.
978 1495 997 1528 ι
1044 1473 1154 1528 Nec
1181 1474 1297 1545 pius
1326 1483 1538 1545 apparet
1569 1472 1775 1539 ibidem,
1825 1470 2019 1526 Prccter
2125 1472 2288 1543 debet,
2319 1475 2518 1529 etiamsi
2556 1475 2728 1530 nullus
2754 1485 2870 1530 ante
2899 1492 2991 1532 nos
3009 1475 3367 1554 observaverit,
3397 1494 3539 1533 -cum
3577 1480 3715 1535 idem

428 1573 561 1628 lianc
588 1570 862 1627 MStorum
888 1569 1134 1624 Codicum
1157 1569 1492 1622 accessionem
1516 1611 1529 1634 ‚
1564 1576 1800 1639 quotquot
1847 1566 2019 1620 liacte·
2125 1577 2171 1621 et
2196 1567 2434 1637 Lucretio
2458 1578 2503 1622 et
2533 1567 2742 1623 Lucano
2771 1570 3017 1625 accidisse
3056 1570 3109 1624 in
3157 1554 3504 1664 promptuil
3549 1581 3718 1628 osten·

422 1682 520 1721 nus
541 1667 770 1720 exierunt
813 1663 1180 1718 Taurunum
1229 1659 1494 1733 (iper-mnu
1528 1662 1605 1746 vel
1655 1663 2018 1733 Aponoemcx
2048 1684 2097 1745 B
2124 1658 2279 1726 dere,·
2307 1661 2534 1731 adeoque
2563 1676 2665 1714 non
2708 1661 2956 1715 immerito
3005 1659 3159 1733 Huqo
3195 1662 3286 1718 ille
3332 1661 3541 1719 Grotius
3586 1664 3720 1746 idem

425 1758 869 1824 liuius-editiones,
902 1755 1174 1828 diliqenter
1206 1757 1503 1827 conquisivi,
1530 1757 1741 1820 contuli,
1776 1765 1823 1810 ct
1846 1756 1896 1810 in
1918 1772 2018 1827 qno
2120 1752 2372 1823 judicium
2399 1753 2461 1808 de
2488 1753 2698 1808 Lucano
2722 1753 2852 1824 [erat
2880 1755 2967 1809 lib.
3011 1753 3108 1810 Vt.
3130 1771 3277 1811 versu
3310 1756 3432 1814 ¹87.
3459 1767 3723 1829 agnoscat·

422 1849 676 1904 variarent
696 1849 968 1914 annotavi;
1009 1856 1063 1902 ut
1105 1863 1252 1902 nemo
1298 1849 1606 1920 imparatum
1631 1864 1712 1902 nte
1731 1846 1799 1900 ad
1826 1855 2019 1902 tantum

424 1941 719 2006 Auctorem,
761 1950 806 1996 et
835 1950 938 1995 tam
965 1940 1129 1996 nobile
1154 1942 1265 2012 ejus
1298 1939 1562 2010 Scriptum
1592 1981 1607 2005 ,
1665 1940 1820 2011 quale
1836 1941 1890 1994 in
1916 1942 2022 2006 pri·

422 2036 521 2089 mis
551 2033 632 2088 liic
698 2034 1097 2090 Avozocmtcus
1126 2075 1143 2100 ,
1191 2034 1462 2088 accessisse
1496 2032 1728 2088 dicturus
1766 2034 1847 2088 sit.
1884 2033 2023 2101 Quid

422 2140 540 2182 vero
566 2121 883 2196 proestt'terim
903 2125 1033 2193 (equi
1064 2123 1264 2180 lectoris
1300 2108 1393 2178 crit
1422 2125 1662 2195 ,iudicare
1684 2165 1698 2191 ,
1726 2127 1814 2196 qui
1864 2125 2024 2181 sicubi

426 2219 602 2288 lapsus
624 2217 789 2288 suero,
812 2216 947 2284 quod
973 2227 1020 2270 et
1046 2216 1281 2271 »nammis
1301 2226 1417 2271 ante
1444 2232 1521 2270 me
1558 2214 1689 2270 Viris
1712 2217 1765 2270 in
1791 2221 1886 2271 noc
1908 2208 2021 2284 ips'o

380 2380 386 2386 ·
427 2310 670 2382 opusculo
708 2311 987 2381 saepissime
1010 2310 1195 2364 accidit
1218 2350 1233 2372 ,
1268 2312 1389 2364 etin
1421 2314 1517 2364 isto
1559 2309 1811 2365 scribendi
1842 2325 2024 2381 qenere

426 2402 605 2458 evitari
630 2419 730 2482 non
756 2411 937 2474 potest,
969 2401 1139 2474 facile,
1160 2412 1213 2455 ut
1240 2411 1383 2473 puto,
1416 2402 1741 2457 condonabit.

501 2495 795 2567 Supersunt
826 2496 995 2572 adhuc
1029 2496 1263 2564 quaedam
1292 2495 1510 2550 dicenda
1550 2497 1696 2564 milii,
1722 2511 1833 2563 quoe
1860 2496 2017 2567 perti-

427 2597 579 2646 neant
617 2586 686 2641 ad
717 2588 871 2666 vitam
908 2574 1295 2654 Tnnrutua‘m,
1348 2604 1533 2654 mores,
1588 2589 1871 2659 opiniones,
1917 2604 2021 2642 non

428 2687 599 2738 verines
626 2683 679 2737 in
707 2683 940 2737 omnibus
960 2698 1077 2737 cnm
1107 2683 1393 2738 orthodoxa
1437 2682 1664 2738 Ecclesia
1704 2662 2022 2738 consenum-2

427 2781 517 2840 tes,
554 2782 749 2846 tempus
785 2790 885 2844 quo
920 2776 1335 2830 Ammoi-:Tmou
1363 2775 1498 2827 hunc
1531 2770 1811 2845 scripserit,
1844 2774 2023 2845 quibus

427 2849 546 2921 tunc
574 2869 821 2937 partibus,
847 2876 893 2922 et
918 2885 984 2922 an
1014 2867 1246 2923 Montani
1266 2869 1418 2940 [uerit
1439 2868 1695 2935 addictus,
1722 2878 1770 2922 et
1789 2884 1879 2921 cur
1907 2867 2024 2938 huic

427 2961 801 3019 Avonoas’nco
824 2963 970 3032 quasi
992 2959 1317 3017 antebulones
1350 2964 1525 3033 fecerit
1559 2960 1687 3015 duos
1722 2960 1805 3014 Ad
1837 2959 2025 3015 Natio·

429 3069 517 3108 nes
542 3052 744 3122 Libros,
783 3053 981 3108 Justini
1017 3051 1265 3125 Martyris
1290 3053 1503 3118 scilicet,
1536 3063 1591 3105 ut
1630 3052 1755 3106 milti
1793 3051 2026 3107 observa·
2054 3064 2103 3127 C

430 3155 536 3201 tum
555 3155 652 3213 est,
677 3145 949 3218 exemplo;
974 3147 1061 3201 sed
1087 3146 1197 3200 lucc
1240 3146 1427 3217 partim
1451 3143 1653 3199 uberius
1676 3145 1740 3198 ab
1764 3144 1880 3199 aliis
1905 3160 2025 3214 per-

430 3247 647 3293 tractata
690 3247 829 3305 sunt,
880 3239 1064 3317 partim
1104 3239 1159 3292 in
1196 3238 1309 3308 ipso
1358 3236 1452 3292 ltoc
1496 3234 1868 3292 Commentario
1907 3252 2025 3305 per-

428 3332 770 3404 strinquntur,
807 3332 993 3402 partim
1021 3331 1173 3385 etiam
1197 3334 1520 3402 proferentur
1541 3346 1573 3383 a
1596 3329 1739 3384 nobis
1761 3329 1816 3384 in
1849 3328 2028 3384 Prole·

429 3425 658 3495 yomenis
696 3424 764 3477 ad
788 3423 1027 3493 reliquos,
1053 3439 1178 3493 qaetos
1207 3422 1450 3477 adversus
1478 3420 1661 3476 Gentes
1686 3421 1841 3475 variis
1865 3421 2026 3474 titulis

349 3556 356 3562 -
430 3519 712 3591 composuit
736 3516 922 3589 {librom
961 3533 1086 3588 quos
1127 3516 1261 3570 brevi
1290 3516 1407 3585 jam
1445 3517 1489 3571 si
1532 3513 1641 3572 Deo
1683 3515 2025 3570 humanarum

429 3627 599 3666 remen
635 3610 826 3665 arbitro
871 3609 1144 3681 placuerit,
1198 3606 1411 3663 Natalis
1454 3606 1661 3663 Nostris
1707 3608 2025 3678 aliorumque

428 3706 732 3770 illustratos,
764 3703 911 3758 edere
936 3713 1008 3758 est
1032 3702 1251 3757 animus.
1292 3699 1363 3755 Et
1404 3718 1528 3757 sane
1570 3717 1674 3756 non
1718 3701 2021 3756 mediocrem

429 3801 484 3854 in
502 3798 608 3854 illis
636 3798 951 3870 diligentiam
974 3813 1007 3852 a
1028 3795 1191 3853 Nobis
1222 3795 1440 3868 positam
1464 3810 1590 3864 esse,
1616 3795 1694 3851 vel
1714 3793 1833 3849 inde
1858 3801 2015 3865 patet,

2125 1858 2223 1922 que
2245 1843 2300 1897 in
2329 1843 2502 1899 multis
2541 1845 2843 1900 Auctoribus
2881 1846 2936 1900 id
2978 1845 3230 1901 observari
3270 1864 3417 1917 posse
3455 1847 3723 1906 Conradus
3802 1826 3813 1836 ⁴

2130 1934 2524 2003 Rittersliusius,
2573 1938 2629 1991 in
2669 1936 3045 1994 Commentario
3094 1937 3165 1992 ad
3212 1937 3528 2011 Oppianum,
3576 1942 3724 2013 cujus

2127 2029 2278 2084 verba
2305 2029 2427 2084 inde
2453 2040 2690 2100 excerpta
2718 2031 3017 2086 exhibentur
3049 2049 3080 2086 a
3112 2032 3344 2105 Gaspare
3368 2032 3617 2106 Scioppio
3645 2032 3725 2091 De

2131 2125 2251 2177 Arte
2280 2122 2468 2177 Critica
2499 2140 2618 2194 paq.
2650 2124 2740 2179 87.
2769 2125 2972 2181 invictis
2996 2112 3211 2196 denique
3224 2126 3537 2207 argumentis
3560 2129 3724 2184 evice-

2076 2204 2083 2210 ”
2126 2214 2195 2268 rit
2222 2230 2437 2285 magnus
2463 2213 2750 2270 Salmasius
2772 2215 2826 2269 in
2850 2214 3010 2288 Notis,
3027 2216 3096 2271 ad
3121 2217 3376 2274 Aeantem
3407 2216 3632 2274 Tatium.

2203 2306 2271 2361 Et
2301 2308 2407 2362 leoec
2430 2308 2632 2387 quidem
2663 2309 2927 2377 hactenus,
2957 2327 3071 2382 quoe
3097 2312 3142 2365 si
3168 2312 3258 2365 tibi
3299 2312 3605 2383 placuerint,
3637 2312 3726 2370 be-

2128 2401 2280 2470 nique
2303 2400 2504 2469 Lector,
2531 2403 2861 2474 spondemus,
2874 2405 3231 2478 indesinentet
3265 2421 3472 2476 operam
3498 2417 3724 2463 nostram

2130 2495 2246 2547 usui
2272 2499 2357 2565 tuo
2384 2495 2731 2565 profuturam,
2766 2512 2886 2550 nam
2911 2506 2957 2550 et
2987 2495 3147 2550 multa
3184 2497 3425 2551 habemus
3462 2497 3722 2568 inchoata,

2129 2587 2498 2660 semiperfecta,
2532 2588 2766 2645 absoluta
2806 2591 2981 2656 etiam,
3016 2606 3132 2663 quoe
3171 2607 3273 2646 nan
3306 2608 3462 2660 parco
3499 2593 3725 2650 excutie-

2130 2697 2243 2736 mus
2268 2684 2406 2755 sinu,
2436 2681 2556 2737 dum
2575 2685 2778 2741 animus
2803 2694 2849 2738 et
2876 2685 3036 2739 otium
3060 2685 3303 2756 suppetit,
3329 2694 3377 2741 et
3401 2685 3524 2740 dum

2525 2869 2669 2882 —-
2833 2840 3042 2913 integer
3060 2841 3163 2895 mvi

2206 2993 2435 3065 Sanguis
2463 2994 2623 3062 inest,
2646 2993 2937 3066 solidaeque
2960 3010 3060 3052 suo
3084 3003 3230 3052 stant
3258 2995 3453 3054 robore
3478 2995 3647 3055 vires-

2203 3151 2439 3222 Namque
2464 3162 2517 3206 ut
2545 3153 2712 3208 sobrie
2737 3152 2969 3224 proecipit
3000 3151 3318 3224 Syracusani
3361 3123 3528 3210 dulcis
3574 3152 3728 3235 Musa
3757 3165 3763 3170 '

2131 3245 2403 3314 Theocriti,
2435 3244 2597 3319 taytt.
2627 3263 2738 3302 xiv.
2773 3262 2919 3303 versu
2947 3246 3129 3301 ultimo
3159 3262 3179 3300 .·

2371 3416 2524 3458 ποιεῖν
2547 3427 2597 3458 τι
2619 3406 2690 3458 δεῖ
2719 3405 2769 3464 ὃς
2790 3410 2897 3470 γόνυ
2923 3410 3118 3473 χλωρόν.

2128 3580 2331 3638 Dabam
2358 3597 2423 3636 es:
2448 3579 2780 3648 blascorum,
2802 3582 2857 3636 in
2875 3599 3012 3653 paqo
3032 3579 3162 3639 stad
3187 3597 3288 3638 nan
3308 3582 3349 3638 't
3375 3580 3725 3654 Haringvliet,

2196 3676 2253 3729 in
2282 3675 2468 3730 Insula
2502 3672 2844 3742 Overssakke,
2881 3675 3007 3747 ipsis
3051 3674 3292 3740 Calendis
3336 3677 3526 3744 Junii,
3577 3675 3726 3731 Aitna

2194 3806 2484 3847 unccxvnt.
