4084 6334
272 272 329 331 m
791 257 826 318 iii
843 252 1077 327 rennuentem
1095 250 1364 317 eeubuuettctttt
1866 246 1921 309 itt

273 395 362 453 tianos
383 384 497 446 interdci
516 384 645 455 iusserat,
665 376 806 435 oculorum
828 376 932 432 iorniue
951 376 1072 447 privatus
1084 372 1112 435 ti
1124 372 1270 443 patiantur,
1293 368 1338 426 hic
1350 366 1568 425 tuncreritatetu
1588 332 1739 439 cognoscit,
1760 370 1791 424 et
1813 362 1921 423 iliatam

274 498 327 545 est.
350 484 378 541 ln
391 478 557 553 Cappadocia
570 488 677 547 quoque
697 471 859 529 Claudianus
882 468 1072 528 Herminianus
1123 462 1295 537 amplectitur
1309 460 1467 535 religionem
1478 459 1547 535 (cop.
1561 459 1602 531 i).

276 589 352 653 peste
367 574 558 645 vermibusque
570 567 762 626 ebullientibus
781 565 859 634 obiit,
883 563 989 622 etiamsi
1011 577 1073 621 sera
1424 594 1570 637 ,mcum
1588 592 1618 635 „-

274 687 357 777 mis
387 676 554 773 mnfim‘
568 662 732 719 chramnus
747 673 832 765 ,Μ
856 657 943 765 ἣρως
967 656 1072 765 inim
1126 692 1276 751 Oitendt'tttr
1297 691 1487 751 Tertullianum
1514 694 1592 767 ltttjttt
1613 692 1672 751 iiirt'
1695 710 1749 751 etse
1770 696 1925 761 attolerent:

276 765 397 836 licetque
407 759 532 819 curtim
542 756 653 828 Capella
666 769 727 809 cum
744 770 772 808 tn
783 760 853 807 cetto
865 765 922 807 stre
934 762 1017 807 extttu
1026 748 1076 822 ttg·
1160 787 1251 860 quim
1283 786 1425 843 mmm
1444 786 1479 843 aa
1497 784 1573 843 mm
1598 797 1654 860 Μ
1676 782 1744 859 Apol
1780 787 1879 843 cneum
1903 796 1927 841 a

278 850 553 915 tanuuocbrtstionis
567 844 721 903 irtsrtltando
734 842 911 901 exclatnasset
927 860 934 897 :
948 838 1073 906 Gaudete,
1161 879 1239 934 mm
1261 878 1294 935 ad
1313 878 1442 937 Nationes
1463 878 1590 935 edendum
1607 878 1642 934 im
1662 877 1734 934 “lm
1747 802 1852 950 {mr
1913 896 1927 933 ο

255 967 257 970 ·
275 947 449 1021 impudentiae
462 940 685 1011 crudelitatisque
699 952 756 993 sue
771 950 865 1007 poenas
878 933 970 990 soluit.
986 931 1015 987 Si
1029 931 1075 1001 qui
1162 982 1274 1043 'mmm
1292 972 1365 1029 imm
1384 972 1513 1045 mim
1544 990 1575 1028 ac
1598 973 1632 1028 de
1643 897 1802 1028 pamm
1818 894 1928 1028 “21¹AE

275 1054 341 1098 rere
362 1035 496 1110 eiusmodi
522 1031 651 1104 praesides
674 1029 784 1101 impune
801 1033 956 1093 eraserunt,
980 1023 1075 1081 ultimo
1162 1065 1356 1137 mmm
1379 1083 1411 1122 M
1448 1014 1557 1139 γαμέω
1625 989 1704 1121 itm
1727 1064 1858 1121 mm„
1882 1074 1929 1120 ω

278 1132 328 1191 bet
345 1129 448 1202 laudicio
470 1125 626 1206 puniemur.
639 1120 763 1193 Scapulae
777 1134 854 1191 ergo,
875 1117 964 1187 inquit
980 1126 1076 1172 auctor
1162 1157 1247 1215 mmm
1259 1174 1318 1214 cm
1330 1157 1361 1214 m
1386 1159 1392 1172 ,
1419 1086 1447 1173 ,Ρ
1463 1158 1469 1171 ,
1562 1108 1570 1134 ’
1590 1082 1624 1138 ‘¹¹‘

277 1234 381 1290 unser,
391 1222 453 1279 ideo
464 1228 523 1277 erat
543 1216 710 1283 timendum,
724 1214 787 1283 quta
800 1210 1003 1267 Adrumeticmn
1017 1208 1074 1265 iia·
1359 1172 1482 1215 “mmm
1496 1168 1612 1233 ‘imm’

279 1320 373 1377 nillum
383 1316 532 1389 partlomtc
544 1308 730 1369 illuderitium
738 1306 916 1379 liptautinum
928 1302 964 1359 ati
975 1302 1077 1361 bestias
1162 1293 1264 1350 Outnes
1281 1310 1378 1366 magno
1392 1306 1458 1352 sane
1479 1296 1652 1368 unanimique
1662 1310 1798 1353 censensu
1810 1294 1930 1357 tutentur

163 1398 168 1413 ⁸
279 1408 538 1485 damnarentque.
554 1406 594 1479 bi·
1127 1385 1321 1445 Tertullianum
1331 1387 1411 1459 bujus
1422 1388 1585 1445 iibriuerum
1595 1404 1657 1451 esse
1665 1398 1815 1462 parentem.
1828 1388 1930 1461 Ecquis

314 1497 846 1565 Seriutamenilbtmadmmtetbacase
868 1489 1077 1548 commemorari
1128 1494 1193 1548 nero
1217 1480 1243 1537 id
1264 1495 1363 1554 negare
1385 1480 1493 1547 audeat,
1520 1480 1594 1553 qnod
1615 1482 1728 1553 ipsemet
1753 1482 1832 1551 liber,
1857 1490 1931 1539 tutus

281 1614 337 1659 non
348 1606 488 1670 propterea
498 1591 606 1665 quidem
621 1585 692 1661 quod
702 1590 760 1659 ipse
772 1582 874 1657 aliquid
886 1581 1022 1651 formidet,
1031 1590 1077 1637 aut
1128 1582 1245 1645 quantus
1259 1581 1312 1633 est.
1324 1571 1412 1646 palam
1423 1573 1585 1630 attestator!
1598 1571 1665 1630 iiam
1678 1572 1749 1631 idem
1764 1574 1790 1629 in
1803 1588 1837 1631 eo
1847 1583 1930 1645 atque

281 1702 313 1750 ut
325 1689 449 1749 summm
470 1683 614 1756 Scapulam
628 1688 750 1746 terreat3
765 1677 814 1735 sed
827 1676 892 1748 quia
906 1675 961 1730 cult
981 1687 1078 1729 ornnes
1130 1664 1158 1720 iu
1175 1665 1340 1737 Apologetico
1363 1664 1439 1721 etad
1464 1664 1588 1723 diminuet
1607 1666 1684 1724 libris
1706 1665 1813 1723 dicendi
1833 1680 1929 1739 genus,

280 1785 371 1843 salros
403 1780 475 1840 deri.
507 1778 677 1849 Quapropter
714 1772 790 1829 ilium
832 1768 1014 1835 adhortatur,
1051 1778 1079 1824 ut
1094 1754 1232 1837 geaedem
1247 1756 1394 1826 peculiares
1415 1770 1448 1815 ac
1467 1755 1635 1815 Tertulliano
1655 1759 1772 1829 proprio
1786 1756 1930 1824 dictiones,

280 1892 384 1936 morem
396 1884 473 1948 gerat
483 1872 597 1947 iegibus,
609 1883 670 1941 quae
684 1865 786 1925 nullutn
801 1878 889 1929 reum,
903 1860 954 1917 uisi
964 1860 1078 1916 crimina
1131 1847 1225 1903 etiem
1240 1848 1321 1905 vetita
1334 1848 1493 1921 singularia,
1507 1849 1610 1906 eadem
1624 1850 1785 1922 plerumque
1797 1850 1824 1905 in
1836 1848 1932 1907 Cirris·

280 1970 446 2035 eorticssum,
460 1975 508 2022 aut
524 1980 619 2021 eorum
632 1949 785 2018 conuictum
802 1955 883 2028 plecti
905 1951 1076 2025 precipiunt.
1131 1941 1264 1999 tianorum
1279 1941 1409 1999 aduersus
1420 1943 1544 1999 ethnicos
1557 1942 1741 2000 defensionem
1753 1953 1928 2017 argmtteutt·

283 2058 523 2133 Exettrpiadeiude
534 2058 560 2114 ei
577 2053 703 2129 proponit
714 2050 799 2108 Cincii
814 2046 920 2113 Seueri,
935 2042 1079 2115 Vespronii
1131 2036 1228 2093 buttes.
1241 2036 1477 2106 Quemadmodum
1489 2040 1569 2095 etiam
1585 2038 1767 2111 Apologeticut
1784 2047 1811 2095 et
1821 2038 1879 2094 tttrt
1898 2039 1934 2093 oti

281 2152 405 2219 Candidi,
416 2150 525 2222 deperi,
536 2146 675 2212 Pudentis,
687 2144 733 2216 qni
746 2142 905 2199 innocentes
911 2135 1081 2195 Cbristianos
1132 2128 1259 2187 lintionet
1268 2142 1314 2187 aut
1329 2132 1456 2189 omnihus
1467 2132 1585 2189 ethnicis
1599 2142 1646 2189 ant
1659 2148 1752 2189 eurum
1774 2132 1935 2204 praesidibus

253 2227 258 2250 ⁸
282 2240 463 2303 coddetnnare
477 2241 627 2297 noluerant.
639 2233 782 2306 Quomodo
794 2239 885 2287 antem
899 2230 949 2285 itus
963 2228 1082 2284 imitare·
1132 2222 1295 2289 missisunt,
1309 2224 1345 2279 ita
1368 2222 1447 2295 piune
1460 2234 1568 2281 constat
1591 2226 1663 2281 bunc
1683 2225 1780 2282 librum
1800 2224 1935 2282 dit-ectum

284 2349 338 2406 tur,
349 2349 492 2409 suggerere
505 2332 531 2390 ei
545 2339 669 2403 poterant
682 2326 814 2393 adrorati,
828 2323 926 2397 quibus
934 2320 1081 2379 Christiani
1132 2313 1354 2389 luisseSmpuiue,
1363 2315 1534 2389 Carthaginis
1544 2319 1678 2391 tutiusque
1689 2317 1787 2374 Airictc
1796 2317 1934 2391 prniecto,

243 2480 245 2485 .
283 2448 339 2490 nun
353 2430 542 2487 ntinimasane
559 2422 690 2481 beneiicia
708 2418 893 2477 contulerant.
912 2414 972 2471 Nun
992 2413 1081 2471 solum
1132 2422 1214 2480 quem
1230 2406 1412 2467 Tertullianus
1434 2426 1449 2465 a
1471 2408 1631 2466 Christianis
1651 2410 1729 2482 pinne
1749 2410 1937 2467 innocentibus

284 2527 358 2603 quint
371 2526 509 2595 ejecerant
519 2517 653 2576 daemonia
664 2532 698 2573 ex
717 2514 826 2572 iliorum
848 2510 964 2576 nobrio,
987 2506 1082 2565 etalio
1133 2501 1291 2571 torquendis
1302 2512 1331 2559 et
1341 2501 1508 2559 trucidandis
1520 2518 1635 2560 auocare
1650 2514 1764 2560 conatus
1777 2514 1831 2561 est.

284 2616 543 2690 eorumprnpinquo
558 2630 566 2668 :
584 2611 633 2669 sed
653 2608 721 2665 aiios
741 2606 823 2665 edam
838 2602 944 2663 morbis
964 2599 1083 2659 aihictus
1170 2593 1224 2651 Sed
1245 2594 1309 2667 qnid
1333 2593 1518 2661 Tertulliano,
1544 2597 1648 2669 inquiet
1672 2596 1788 2667 aliquis,
1820 2610 1937 2655 neeesse

284 2711 444 2773 mirabiliter
456 2712 629 2765 mutaverant.
791 2720 801 2729 ·
1133 2698 1192 2745 erat
1204 2689 1285 2745 aliam
1296 2689 1425 2747 adsersus
1435 2687 1550 2761 gentiles
1571 2698 1598 2745 et
1624 2704 1673 2761 pro
1688 2688 1848 2747 Citristianis
1867 2704 1939 2761 pre-

321 2804 482 2875 Quinetiam
496 2801 614 2857 Seterm
623 2799 782 2867 imperator,
795 2790 924 2850 Antonini
936 2789 1085 2848 christiano
1134 2789 1177 2839 ter
1189 2782 1385 2855 Apatapeticnm
1399 2790 1427 2839 ct
1440 2780 1523 2837 libros
1539 2782 1573 2835 ott
1588 2779 1718 2838 Nationes
1731 2764 1938 2837 cetumentatin·

284 2896 355 2955 iacte
367 2894 473 2953 educati
484 2902 569 2965 pater,
581 2905 643 2946 cum
654 2888 719 2944 olim
730 2886 854 2944 similiter
867 2892 979 2939 sanutus
991 2880 1086 2937 iubaet
1135 2892 1199 2933 netu
1213 2889 1259 2933 aut
1272 2875 1370 2932 librum
1386 2874 1529 2933 scriberet
1543 2875 1686 2945 impunitis,
1701 2874 1855 2947 inquimus,
1869 2873 1936 2930 Sca·

284 2990 357 3055 oleo,
370 2985 442 3059 quod
456 2984 586 3042 Proculus
598 2981 748 3053 Torpacion
762 2975 937 3045 christianus,
953 2972 1086 3031 Eubodice
1135 2968 1224 3041 pulc,
1243 2966 1341 3025 tiiricat
1361 2967 1496 3039 praesidis,
1523 2966 1551 3023 in
1567 2966 1733 3023 Cbristianns
1745 2966 1848 3023 sarcilia
1864 2964 1937 3021 illurn

285 3092 453 3158 procurator.
464 3078 583 3144 dederat,
595 3092 649 3133 non
662 3075 812 3131 trundoeum
824 3071 858 3129 ad
872 3078 988 3127 mertem
999 3082 1085 3141 usquc
1136 3054 1171 3119 ad
1186 3063 1258 3119 bunc
1268 3076 1322 3117 nen
1332 3060 1442 3133 quidem
1458 3058 1557 3117 bbrnm
1571 3102 1578 3126 ,
1592 3059 1640 3116 sed
1653 3058 1771 3119 libellum
1786 3056 1937 3131 supplicem

285 3180 315 3237 in
329 3178 426 3249 palatin
440 3190 490 3233 suo
504 3170 675 3240 retinnit,ted
687 3168 843 3224 ctorittimnt
858 3147 976 3239 femiam
990 3173 1014 3218 et
1027 3161 1083 3218 cto·
1097 3171 1121 3236 ρ
1137 3154 1305 3215 offerendum
1330 3153 1462 3225 compulit
1485 3152 1613 3223 Quamuis
1632 3153 1704 3209 enim
1717 3150 1849 3215 Senems.
1864 3167 1937 3209 anne

285 3270 401 3327 ritdtrter
415 3268 497 3335 eirot,
510 3262 664 3321 christiane
678 3259 817 3333 religionis
829 3257 922 3315 itidem
936 3264 1085 3311 sectatores
1136 3248 1237 3308 Christi
1257 3248 1311 3306 lid
1331 3248 1478 3318 imperator
1490 3244 1593 3314 iactus,
1606 3260 1653 3317 per
1666 3245 1767 3317 primos
1780 3245 1886 3316 irruperii
1897 3244 1938 3301 sui

286 3378 423 3435 nunqnam
455 3361 540 3425 laesit,
563 3356 715 3428 restititque
742 3352 840 3427 populu
865 3350 894 3409 in
916 3347 1086 3407 Cbristimtos
1136 3356 1223 3399 annus
1246 3340 1368 3413 impone
1390 3338 1485 3396 iuuerit
1500 3336 1678 3405 Cbristianis;
1705 3347 1766 3410 post
1792 3336 1940 3395 debellatos

208 3514 211 3522 ,
286 3459 375 3533 palam
383 3456 492 3514 intremi.
505 3453 611 3511 iiarcus
623 3454 731 3525 quoque
744 3447 869 3505 Aurelius
881 3446 909 3501 in
920 3443 1086 3503 Cerntanica
1138 3444 1228 3493 tamen
1252 3432 1392 3498 Cassium,
1412 3431 1523 3503 Nigrum
1537 3443 1565 3487 et
1578 3430 1704 3486 bibinum
1731 3445 1764 3485 ac
1777 3438 1839 3501 post
1860 3444 1938 3485 suurn

286 3550 459 3622 expeditione
473 3545 600 3612 itnbrem,
615 3542 744 3599 exercitui
758 3555 808 3596 suo
823 3536 931 3610 penitus
957 3549 1087 3593 necessa·
1138 3529 1288 3587 solemnem
1301 3544 1373 3584 annu
1388 3524 1439 3583 tet
1463 3526 1491 3581 in
1521 3524 1615 3581 unbem
1634 3523 1747 3580 Ruinam
1770 3523 1938 3597 ingressum,

287 3644 369 3713 rium,
383 3639 539 3711 impetrarit
550 3638 674 3709 precibus
683 3627 963 3702 Christianorum,qui
979 3626 1088 3684 etalios
1138 3625 1229 3681 attitnn
1241 3624 1319 3695 plane
1333 3630 1451 3677 ulutatus
1472 3629 1523 3676 est.
1549 3618 1618 3707 Tum
1643 3620 1716 3675 enim
1740 3620 1799 3689 ipso
1822 3616 1938 3689 primum

282 3726 316 3797 'iu
328 3755 394 3796 casu
403 3735 484 3794 simili
497 3732 679 3791 obtinuerant.
1139 3724 1351 3785 annuente,ant
1369 3714 1464 3771 saitem
1493 3728 1546 3768 non
1570 3712 1727 3783 probibente
1749 3711 1940 3767 recrudescere

324 3832 393 3903 Quid
406 3844 471 3901 ergo
484 3826 611 3898 iniquius,
619 3838 700 3897 quam
708 3821 805 3894 jubere
816 3817 994 3885 Christianos,
1004 3814 1089 3875 setin·
1139 3812 1220 3881 coepit
1236 3811 1293 3867 dira
1314 3811 1340 3866 in
1359 3808 1526 3879 Cbristianes
1545 3807 1708 3879 persecutio.
1730 3804 1826 3862 iratior
1844 3804 1941 3863 deinde

289 3926 343 3984 lam
354 3922 496 3981 nirmtibus
504 3920 629 3977 omnibus
641 3908 752 3985 npcr'am
760 3923 902 3980 natantes,
915 3925 968 3968 non
983 3916 1088 3964 tanetum
1141 3906 1245 3971 iactus,
1259 3916 1437 3971 necassetue
1451 3899 1516 3968 202,
1532 3900 1557 3955 in
1570 3913 1618 3955 cos
1631 3898 1752 3955 condidit
1771 3897 1864 3967 leges,
1878 3913 1941 3971 qua·

290 4018 388 4089 gladio,
400 4010 625 4086 qttentadmodum
648 4024 664 4065 a
678 4006 790 4079 legionis
802 4017 829 4061 et
839 4001 1007 4061 iiautitaniae
1021 4015 1091 4071 prae·
1140 4013 1201 4053 rum
1213 3996 1389 4061 auctoritate,
1403 3993 1441 4047 ait
1462 3990 1612 4056 Etrsebins,
1627 3989 1725 4061 ubique
1748 3988 1871 4044 locurum
1893 4004 1940 4060 per

290 4109 404 4177 sidibus,
415 4123 449 4163 es
463 4117 584 4161 ueterum
594 4104 682 4175 legum
694 4097 853 4172 praescripto
861 4091 1091 4159 leniri,seduitos
1142 4090 1278 4149 Ecclesias
1303 4087 1371 4145 iacta
1395 4095 1459 4143 suttt
1478 4084 1616 4158 martyria.
1634 4082 1750 4139 siricam
1773 4080 1865 4155 itaque
1886 4096 1939 4139 non

291 4203 376 4261 etiuna
382 4196 521 4256 mamburii
536 4195 635 4252 ilerum
651 4190 832 4251 Tertullianus
847 4186 936 4259 palam
951 4184 1091 4257 protitetur
1142 4198 1221 4241 secus
1235 4193 1314 4255 atque
1328 4181 1396 4239 alias
1410 4180 1563 4255 prouincias
1578 4180 1601 4236 is
1613 4176 1806 4235 crudelissime
1817 4180 1938 4236 uexatio-

293 4291 489 4367 hecsupplicia
500 4287 684 4367 oCbristianis
692 4284 778 4357 magis
790 4281 975 4353 optari,qnam
990 4274 1089 4332 tinueri.
1142 4278 1185 4334 nis
1206 4286 1288 4333 aestus
1301 4274 1429 4349 depastus
1448 4285 1490 4330 est
1503 4270 1610 4337 iderti.
1625 4270 1670 4327 iii.
1686 4268 1730 4327 Vl.
1753 4270 1844 4327 secter.
1868 4268 1939 4326 itin.

178 4434 188 4456 ,
292 4385 359 4445 Cum
369 4385 441 4443 enim
454 4384 548 4440 Arrius
561 4381 713 4437 Antoninus
728 4377 755 4431 in
765 4390 813 4431 eos
827 4370 964 4429 crudelius
973 4367 1090 4434 saeviret,
1142 4388 1201 4443 cup.
1215 4368 1244 4426 2.
1264 4386 1323 4443 paq.
1336 4368 1401 4426 ἰοί.
1425 4366 1579 4439 flieroupm.
1594 4363 1712 4437 catalog.
1739 4364 1862 4436 scriptor,
1878 4364 1939 4419 αα,

293 4483 420 4540 ontoibus
432 4480 460 4537 in
475 4478 546 4535 ‚isin
559 4478 668 4533 civitate
694 4486 756 4531 sese
775 4470 813 4527 itii
826 4469 897 4524 ultro
916 4462 1092 4523 offerentibus
1145 4462 1159 4539 g
1178 4464 1222 4521 54.
1235 4480 1293 4535 pap,
1310 4461 1383 4533 115),

293 4575 433 4648 respondit
446 4592 454 4629 2
465 4570 496 4629 Si
510 4569 587 4626 witi·
599 4568 694 4640 notite,
707 4562 852 4638 nraett'nt'iia
863 4568 908 4614 “ti
922 4560 996 4631 {itm
1010 4552 1132 4633 deit-1)
1181 4558 1361 4615 Tertullianus
1373 4570 1437 4612 vero
1456 4553 1490 4611 de
1501 4552 1715 4612 Cbristionnrum
1730 4552 1817 4609 salute
1836 4564 1944 4623 semper

294 4659 633 4742 tieQuidigiturScapuia
646 4656 728 4714 sitisti
741 4645 1093 4720 it¹¹¹¹¹¹¹l⁰fi⁵iif⁰tt0¹¹¹⁰i¹¹¹¹¹
1146 4654 1296 4719 sollicitus,
1318 4660 1382 4708 ante
1401 4650 1480 4707 datos
1504 4649 1585 4705 bnsce
1602 4647 1676 4719 leget
1703 4646 1898 4720 Apoioqetictnt
1917 4654 1943 4701 et

293 4758 447 4819 christianis
456 4752 716 4828 carthaginensibus,
732 4748 796 4821 quid
809 4746 850 4803 sui
863 4743 965 4826 ordinis
976 4739 1093 4797 bentini-
1147 4749 1230 4805 libros
1254 4746 1288 4801 od
1309 4744 1455 4811 Nationes,
1481 4743 1551 4799 sicut
1576 4742 1711 4809 diximus,
1735 4740 1942 4811 divulgaverat,

294 4853 356 4920 bos.
371 4853 435 4927 quid
451 4849 611 4925 propinquis
624 4856 654 4904 et
668 4843 773 4911 amicis,
789 4841 835 4913 qui
847 4848 945 4910 sponte
959 4849 1007 4892 sua
1033 4847 1093 4889 sese
1145 4855 1259 4913 qnorum
1282 4838 1398 4895 lectione
1426 4838 1501 4893 turer
1531 4834 1669 4908 gemilium
1687 4833 1723 4895 ¹in
1754 4832 1943 4900 Christianos,

295 4947 334 5006 iiii
346 4946 483 5005 necandos
494 4940 630 5001 offerenti
645 4924 827 5009 Quamobrem
840 4932 915 4990 iilum
930 4930 1053 4986 bortatur
1066 4934 1094 4981 ut
1144 4932 1348 5007 quantorumlibet
1361 4929 1556 4995 inflammatus,
1572 4908 1687 4985 debebat
1700 4925 1793 4999 procui
1804 4926 1888 4985 dubia
1903 4942 1946 4983 re-

296 5051 389 5114 parcat
400 5036 554 5108 Cartltagiui
564 5041 593 5091 et
604 5030 761 5105 prouinciae,
775 5042 855 5100 quarn
878 5023 992 5080 militum
1003 5028 1032 5077 et
1043 5019 1094 5075 ini·
1146 5024 1203 5082 dart
1217 5022 1324 5093 (Erine,
1337 5022 1401 5079 issu,
1414 5038 1473 5091 cap.
1490 5020 1512 5076 ι,
1524 5038 1583 5093 pap,
1600 5018 1650 5077 201
1664 5018 1687 5093 p,
1701 5018 1754 5076 sqq
1773 5018 1847 5076 nun,
1868 5033 1946 5091 W.

296 5134 429 5192 micorum
447 5127 668 5188 concussionibus
686 5121 831 5182 obnoxiam
849 5118 924 5175 iecit·
940 5116 1094 5173 Deutenim
1146 5130 1194 5175 sus
1205 5114 1353 5172 soleetiam
1372 5114 1520 5170 meridiano
1531 5113 1647 5171 clariora
1661 5112 1796 5169 ratitmum
1809 5122 1945 5169 momenta

296 5232 374 5287 solus
382 5224 642 5282 estChristiannrnm
653 5218 794 5289 magister,
802 5213 847 5286 qui
857 5211 1016 5282 anmipsutn
1026 5216 1094 5271 erat,
1147 5218 1293 5282 potuerunt
1313 5207 1388 5277 ilium
1406 5206 1591 5279 restinguere,
1605 5221 1657 5279 tire
1671 5196 1815 5276 probibere
1837 5204 1946 5276 quemi·

296 5335 349 5378 nec
365 5320 401 5377 ab
413 5316 566 5373 homiuibus
585 5311 649 5369 mali
670 5307 770 5381 aliquid
790 5305 845 5380 poti
868 5314 977 5376 potest;
1000 5310 1103 5357 cuntra-
1148 5318 1199 5359 nus
1225 5301 1398 5371 iniquissimis
1423 5300 1525 5373 legibus
1545 5315 1560 5356 a
1585 5299 1686 5356 Severo
1706 5297 1767 5354 latis
1798 5294 1946 5354 Christiani

296 5428 363 5471 roro
385 5426 453 5485 qnos
476 5407 591 5481 Scapula
613 5404 758 5477 magistros
777 5399 869 5466 habet,
885 5398 1095 5461 bominessunt,
1149 5398 1175 5453 in
1193 5395 1282 5454 dirica
1292 5392 1557 5450 etcarniilcurentor.
1572 5393 1753 5461 Quamobrem
1762 5388 1946 5447 Tertullianus

209 5492 213 5501 ¹
297 5504 442 5577 aliquunde
455 5499 589 5559 merituri.
604 5497 733 5568 lienique,
748 5492 878 5567 quidquid
897 5491 942 5549 iiie
952 5497 1025 5561 agat,
1041 5504 1094 5543 non
1148 5486 1220 5543 bunc
1234 5485 1321 5541 adbuc
1335 5486 1481 5555 supplicem
1497 5484 1617 5543 libellum
1632 5483 1754 5554 Scapulae
1766 5524 1773 5547 ‚
1785 5481 1859 5539 illiue
1880 5496 1947 5553 prn-

298 5599 627 5661 debciethrist'tmtorum
641 5603 726 5657 sema,
740 5604 800 5663 que
813 5600 869 5645 tum
882 5586 963 5644 etiam
983 5582 1092 5648 crescit,
1122 5598 1131 5607 ·
1147 5580 1242 5636 vinciae
1263 5576 1433 5650 proconsuli,
1455 5576 1572 5645 obtulit,
1588 5590 1715 5647 quaeum
1739 5585 1768 5631 et
1784 5572 1949 5646 gravissimu

298 5712 360 5754 cum
378 5695 446 5752 caedi
468 5692 582 5748 uidetur.
603 5686 730 5757 Quisquis
754 5698 871 5755 tuamque
895 5678 1042 5748 ittrestigat
1068 5683 1095 5732 et
1147 5679 1365 5744 argumentorum
1392 5668 1510 5742 pondere
1521 5703 1534 5735 ,-
1553 5677 1581 5725 et
1602 5668 1758 5725 domesticis
1779 5665 1948 5742 illustribus·-

297 5787 420 5865 aguescit
436 5802 485 5845 cur
502 5786 542 5845 itti
562 5793 617 5842 tam
638 5788 794 5838 comtamer
808 5775 935 5851 qualibet
955 5778 1095 5830 tormenta
1147 5764 1327 5841 questionum
1349 5762 1516 5836 presulum,
1540 5770 1620 5834 atque
1642 5760 1724 5819 etism
1746 5758 1945 5833 imperatorum
