4084 6334
267 365 323 427 eat
612 358 616 365 ’
782 360 817 419 ut
834 358 1068 420 TERTULblel
1085 356 1351 423 monocentauri
1870 364 1917 423 911

270 480 372 539 etbnici
393 480 560 553 oblectarent
577 492 672 551 parem
687 490 748 536 esse
762 475 982 550 plutoscpnorun
1004 493 1071 537 sno·
1083 477 1112 539 Α
1125 478 1187 533 tiana
1198 479 1287 552 pnnqit
1298 478 1369 551 opud
1381 478 1544 537 insectatores
1553 480 1666 538 sensatis
1675 478 1846 554 (Tertullicn.
1857 482 1919 555 Ape·

274 590 345 642 ruta,
361 583 442 645 atque
455 572 665 629 christianornm
679 571 819 628 scientiam
831 613 839 640 ,
850 571 1034 642 disciplinam,
1046 578 1075 628 et
1124 570 1213 643 lepre,
1226 588 1283 642 cap.
1299 570 1345 638 16,
1360 587 1420 644 paq.
1432 571 1507 643 50⁰).
1524 572 1557 628 Et
1571 572 1629 629 brec
1643 573 1764 645 quidem,
1781 589 1834 631 nee
1848 575 1917 645 plura

274 664 606 739 sapientiamlTertullian.
616 664 659 721 lib.
675 664 698 720 11
708 662 829 733 odilae,
840 682 900 737 pap.
915 664 991 735 585).
1005 663 1073 720 Nam
1124 660 1151 717 in
1176 662 1299 731 ntpuut,
1327 672 1355 719 et
1369 664 1520 721 subsecutis
1532 664 1592 723 aliis
1607 665 1784 723 editionibus.
1808 666 1837 723 ln
1856 671 1916 724 anti·

274 757 366 830 brrjns,
382 757 422 814 uti
440 760 567 815 citatusa
585 757 753 813 Tertulliano
774 755 901 813 sntonon
923 754 1074 814 rectissime
1124 752 1266 826 artioribus
1278 768 1353 819 tero,
1370 768 1421 812 uec
1440 770 1494 810 nun
1507 756 1533 811 iu
1547 759 1646 812 nastris
1660 756 1803 815 codicibus
1817 772 1917 817 manus·

272 851 370 910 docet:
382 851 492 908 initium
501 852 635 923 rapitrnioe
652 860 733 907 otetur
743 851 770 905 in
780 848 865 905 Deum
877 848 999 924 (Ecclcs,
1013 866 1072 923 cap.
1124 845 1227 917 criptis,
1238 855 1298 918 post
1307 846 1418 903 uerbum
1429 848 1557 903 edrrltcrct
1571 848 1690 905 additum
1703 860 1758 917 est,
1770 856 1795 907 el
1812 848 1917 921 affectat,

274 946 329 1018 1,)
341 985 349 1003 .
367 943 427 1019 16).
436 946 472 1002 Et
483 946 541 1002 bare
550 945 657 1017 quidem
668 945 748 1002 rerba
757 944 896 1016 desumpta
909 953 970 1001 sum
979 944 1073 1001 exEc·
1125 953 1157 996 ac
1173 948 1234 1011 post
1248 955 1346 998 nomen
1361 942 1484 1007 ueritatis,
1495 941 1611 1014 legitur,
1625 959 1702 1015 quom
1716 943 1805 1017 (editi
1817 960 1866 1013 qno
1876 944 1885 1017 )
1896 947 1920 999 il·

276 1037 423 1095 clesiastici
433 1036 514 1105 libro,
529 1052 608 1109 quern
621 1046 715 1094 atrctor
729 1047 833 1106 noster,
847 1050 928 1109 atque
942 1037 1076 1104 alii,sicut
1094 1038 1097 1045 ⁴
1126 1033 1232 1099 lusores,
1246 1042 1269 1089 et
1286 1045 1449 1107 corruptores
1464 1034 1565 1092 inimice
1588 1034 1672 1107 (editi
1688 1035 1803 1109 ricimiro)
1814 1036 1919 1109 plateo-

274 1131 339 1188 alibi
364 1130 531 1187 ostendimus
552 1131 565 1205 l
586 1127 723 1187 Dissertat.
746 1131 775 1186 in
795 1130 926 1199 becuns,
947 1148 1006 1204 cop.
1028 1132 1073 1202 11,
1127 1124 1387 1196 perspectionem
1410 1137 1498 1184 autem
1514 1128 1644 1201 lliqaltius
1658 1128 1750 1185 omnia
1776 1129 1838 1186 baee
1855 1145 1920 1187 rese-

274 1233 326 1280 urt.
343 1221 394 1296 5),
410 1221 548 1280 Salomoni
561 1223 720 1281 nominatim
744 1224 874 1279 tribuunt.
895 1223 969 1280 lieet
984 1234 1074 1281 autern
1126 1221 1237 1289 caront,
1249 1220 1381 1278 rationem
1397 1222 1419 1277 si
1434 1236 1550 1295 quaeras,
1572 1221 1672 1279 nullam
1684 1220 1720 1278 ab
1732 1238 1768 1279 eo
1783 1223 1872 1280 daun
1886 1223 1919 1279 in·

275 1314 301 1371 ci
315 1314 526 1387 abjudicaretur,
540 1316 913 1373 nonminnsreracratlnce
929 1318 1073 1373 sententia.
1126 1316 1229 1373 venies.
1258 1315 1327 1386 erid
1358 1316 1443 1387 crgo?
1466 1314 1600 1387 Numquid
1626 1315 1789 1372 obscuriora
1812 1331 1844 1371 ea
1866 1331 1919 1373 esse

275 1407 462 1479 ecquomodo
476 1406 629 1479 ptulosoptn
642 1407 759 1479 gentiles
770 1415 894 1480 poterant
908 1408 1012 1463 initium
1028 1408 1076 1465 ba·
1115 1408 1239 1481 ‘putaris
1250 1418 1278 1465 et
1291 1407 1353 1465 ideo
1368 1408 1504 1465 tollendal
1518 1408 1600 1465 Recte
1609 1408 1727 1481 quidem,
1746 1408 1865 1480 siipsius
1874 1424 1918 1465 non

275 1500 342 1557 berc
356 1500 494 1570 sapientia
509 1499 592 1556 benur
604 1492 732 1567 timendo,
746 1516 826 1571 quent
842 1516 979 1572 nunquam
992 1515 1076 1572 agno·
1126 1500 1231 1572 auctiqui
1248 1500 1371 1556 ductoris
1382 1500 1462 1557 rerba
1475 1510 1576 1567 essent,
1593 1516 1653 1573 qnae
1662 1500 1852 1573 supprimendi
1868 1502 1920 1557 nal·

274 1595 395 1652 rerunt?
406 1592 552 1651 Christiani
566 1603 655 1651 autern
671 1611 734 1651 cum
750 1610 844 1653 resera
865 1595 1074 1667 cognoscebant,
1127 1592 1168 1649 lus
1183 1592 1280 1662 cditer,
1294 1592 1346 1649 nisi
1359 1592 1463 1651 reddita
1478 1594 1593 1661 ratione,
1616 1593 1661 1665 jus
1684 1608 1806 1666 unquam
1822 1594 1915 1651 babuit.

275 1703 308 1744 ac
328 1687 467 1755 timebant,
479 1696 561 1760 atqne
575 1688 677 1745 idcirco
692 1688 744 1745 boc
758 1689 865 1763 prediti
878 1698 957 1747 erant
969 1694 1077 1763 saplen-
1127 1688 1162 1743 Αι
1173 1702 1263 1743 nonne
1278 1702 1388 1745 sensum
1404 1687 1476 1744 lianc
1488 1688 1620 1759 optimum
1630 1686 1775 1745 eldciuntt
1794 1686 1918 1758 Quantum

275 1779 320 1836 tice
332 1778 418 1834 initio.
1127 1781 1227 1838 veritas
1238 1779 1301 1837 odio
1316 1780 1442 1851 babetur,
1457 1789 1559 1837 tanturn
1575 1778 1621 1854 qui
1640 1794 1700 1837 eam
1715 1781 1826 1839 sineere
1839 1782 1917 1849 docet,

311 1870 445 1928 Prmtcrca
459 1872 486 1927 Ιιί
502 1889 555 1930 nori
569 1874 656 1931 solnm
681 1890 717 1931 cx
739 1874 803 1941 boe,
826 1874 876 1932 scd
893 1875 955 1932 aliis
968 1890 1075 1949 queque
1088 1883 1113 1946 Β
1127 1872 1151 1930 is
1164 1872 1230 1929 alios
1240 1870 1360 1929 offendit.
1373 1872 1424 1943 Qui
1435 1882 1524 1930 atatem
1536 1888 1596 1929 eam
1618 1872 1773 1931 allectando
1784 1873 1917 1943 adulterat,

276 1978 360 2020 sacrm
370 1962 518 2036 Scriptura
530 1965 614 2033 libris,
624 1976 752 2039 tanquam
760 1968 858 2025 diuinis
872 1968 1075 2041 purissimisque
1126 1958 1174 2022 boc
1185 1966 1242 2039 ipso
1254 1967 1355 2022 contine
1366 1966 1488 2023 eamdem
1500 1966 1613 2039 gratiam
1621 1966 1691 2037 apud
1698 1966 1773 2022 nlius
1782 1967 1918 2024 insectato-

275 2057 392 2116 lootlbus
404 2058 528 2116 haustam
543 2062 683 2118 rcrttatcnr
696 2063 765 2118 lianc
778 2063 937 2133 sapientiam
950 2076 1076 2119 necessa-
1126 2058 1250 2128 resipit,
1269 2076 1349 2133 qnam
1364 2060 1489 2117 illusores
1502 2072 1530 2117 et
1544 2068 1728 2131 corruptores.
1743 2060 1917 2129 Quamobrem

277 2151 330 2222 rio,
343 2152 381 2207 ait
393 2154 584 2221 Tertullianus,
605 2163 808 2222 corrsectanlnr,
822 2163 853 2211 ut
872 2165 982 2212 retentae
993 2154 1074 2213 saluti
1126 2155 1241 2227 gentiles
1260 2155 1413 2230 philosophi
1443 2155 1559 2229 agnitum
1576 2155 1718 2213 reriutcm
1732 2164 1863 2229 unquam
1876 2160 1917 2212 mi·

275 2258 333 2301 suae
354 2246 685 2322 consulantchrtullian.
707 2247 857 2321 apotome,
871 2266 931 2323 cop.
943 2250 998 2319 11,
1011 2267 1074 2323 paq.
1126 2249 1163 2305 mi
1176 2249 1290 2306 aliorum
1305 2248 1388 2316 dicta,
1412 2248 1496 2317 iacta,
1523 2258 1551 2306 et
1572 2262 1714 2321 personas,
1740 2248 1867 2307 affectant
1889 2265 1917 2306 ac

283 2338 581 2411 seolseiensem
606 2341 758 2414 pltilosopbi
783 2343 945 2409 recitatam,
966 2343 1074 2417 inquit,
1126 2352 1315 2413 corrumpunt.
1348 2342 1456 2400 Dixisse
1481 2351 1572 2400 autem
1598 2340 1785 2400 Tertullianus
1810 2343 1915 2412 uidetur,

275 2429 417 2501 spectant,
432 2442 456 2489 et
481 2433 626 2502 apecnnac
647 2444 831 2508 concorporat,
848 2445 877 2490 ot
897 2437 942 2507 qni
965 2437 1075 2510 planiam
1126 2434 1599 2509 pbilosophosalieetasseueritatem
1615 2449 1668 2491 non
1682 2432 1793 2505 quidem
1815 2436 1914 2502 inierim

274 2533 379 2597 captent
394 2524 404 2596 (
417 2524 487 2581 ibid.
501 2543 559 2599 cap.
573 2527 620 2597 17,
641 2544 701 2600 pap.
719 2528 804 2599 5111).
818 2528 891 2585 Nihil
910 2530 1009 2601 qnippe
1033 2530 1075 2587 eis
1127 2537 1157 2584 ut
1170 2530 1197 2585 in
1213 2527 1354 2585 codicibus
1363 2527 1554 2597 manuscriptis
1573 2526 1702 2597 scriptam
1720 2536 1765 2584 est
1779 2526 1915 2585 scribamn

275 2616 363 2688 magis
381 2618 457 2675 cordi
476 2628 553 2687 erat;
567 2634 646 2690 quarn
659 2630 689 2677 ut
700 2622 828 2689 nominis,
844 2621 933 2683 lamae,
944 2636 976 2677 ae
986 2638 1074 2691 ranae,
1126 2623 1280 2688 oscitantia,
1295 2622 1339 2693 qui
1354 2634 1389 2677 ex
1406 2621 1491 2692 prima
1501 2619 1590 2676 littera
1606 2636 1629 2673 nr
1641 2618 1710 2675 duas
1722 2619 1751 2675 in
1765 2618 1914 2677 elicuerunt:

275 2708 367 2778 gloriae
378 2710 562 2767 celebritatem
572 2727 681 2784 quoquo
691 2714 773 2770 modo
784 2725 993 2785 aucuparentur.
1007 2716 1076 2786 Qua·
1126 2714 1174 2771 sed
1186 2714 1277 2787 potius
1288 2714 1399 2781 minrice,
1416 2711 1643 2784 qnemadmodnm
1655 2712 1682 2769 in
1693 2712 1749 2769 alie
1763 2712 1834 2769 libro
1844 2710 1913 2777 dixit,

275 2809 386 2873 propter
395 2802 430 2857 ab
442 2802 489 2858 illo
500 2811 591 2873 postea
602 2812 732 2861 uocantur
739 2805 830 2877 plorice
839 2815 863 2861 et
874 2807 1025 2879 eloquentiis
1034 2824 1073 2863 rc-
1126 2806 1231 2863 blitbrae
1242 2806 1354 2863 militem
1366 2820 1428 2863 esse
1441 2804 1518 2878 qnasi
1530 2806 1637 2861 orimum
1647 2806 1765 2877 martyr-ii
1774 2803 1914 2879 (lermlil.

275 2896 326 2951 lica
347 2895 476 2952 libidinosi
497 2896 605 2971 (ldenr,
626 2898 670 2953 lib.
702 2898 734 2953 tle
761 2899 859 2967 Atrine,
885 2917 944 2970 cap.
969 2901 1022 2973 7),
1048 2901 1075 2958 id
1127 2901 1296 2958 deeorou.in
1310 2901 1369 2972 fin,
1384 2917 1445 2973 paq.
1460 2896 1535 2972 let).

277 2997 330 3057 est,
344 2988 504 3045 avidissimi.
517 2989 579 3046 Alio
591 3000 681 3046 antem
695 2992 720 3047 in
732 2992 821 3049 libra:
836 2991 1022 3064 Pitiloroplrnr,
1035 2995 1075 3050 in·
1162 2992 1273 3049 Fatetur
1294 2994 1385 3064 itaque
1406 2992 1440 3048 ab
1457 2992 1554 3049 iisdem
1568 2990 1738 3065 pbilosophis
1763 2992 1861 3064 sapius
1872 3004 1911 3047 ce-

278 3081 347 3153 quit,
361 3080 453 3154 plorior
471 3084 680 3155 unicornimque
693 3086 751 3142 baec
764 3087 881 3143 auctoris
894 3087 979 3143 nostri
991 3088 1075 3145 rerba
1126 3087 1226 3160 pnttarn
1246 3088 1386 3145 veritatem
1399 3104 1405 3141 :
1424 3085 1487 3153 Quis
1500 3086 1576 3153 crint,
1599 3086 1694 3159 inquit,
1710 3096 1856 3159 meterent,
1868 3085 1914 3157 quis

274 3174 457 3249 Hieronymus
480 3176 552 3233 baud
571 3176 652 3235 dubie
670 3187 817 3248 mutuatus,
834 3181 919 3253 ipsius
933 3184 1075 3239 sententiaa
1126 3180 1309 3249 sophistarum,
1324 3180 1367 3251 qui
1379 3195 1429 3234 non
1443 3178 1475 3233 de
1494 3180 1675 3249 prophetarunt
1696 3178 1767 3248 sonte
1780 3176 1912 3249 potaoeritl

274 3267 454 3340 subscripsit:
468 3269 644 3343 Pbiloroplntr
664 3273 755 3345 plorite
775 3274 921 3340 actionales
940 3276 1109 3348 populariae
1126 3274 1194 3331 lrnle
1211 3274 1292 3348 ipitur
1304 3282 1327 3330 el
1340 3271 1486 3345 pbilosoplti
1506 3271 1575 3327 sitim
1600 3270 1696 3345 inperii
1717 3272 1759 3326 sui
1782 3272 1914 3343 riqncerttnl

274 3376 346 3416 carte
359 3371 435 3433 atque
447 3378 579 3419 cuntorum
591 3362 987 3439 trilemcncipicnrlllierenpnt.
999 3368 1074 3439 epist.
1128 3370 1138 3443 (
1152 3367 1304 3423 Tertullinn.
1325 3366 1437 3441 Apoloq.
1451 3409 1459 3434 ,
1482 3384 1544 3439 cup.
1556 3367 1601 3436 li,
1615 3382 1676 3439 paq.
1693 3364 1779 3439 stu).
1793 3364 1913 3421 uccnnns

274 3451 326 3518 5⁴·
349 3451 384 3508 ed
407 3450 574 3522 Permutatis,
596 3472 657 3528 pap.
681 3456 767 3528 585).
792 3460 828 3513 Αι
850 3457 1000 3527 Lucienus,
1025 3461 1076 3517 elsi
1128 3461 1210 3517 editio
1223 3460 1372 3531 Rigaltiana
1387 3473 1448 3515 curn
1469 3458 1529 3514 aliis
1544 3467 1624 3530 atque
1644 3456 1726 3513 etiarn
1738 3452 1914 3524 manuscriptis

274 3543 417 3614 ethnicus,
431 3545 482 3602 bos
504 3545 682 3619 philosophos
705 3550 785 3621 longe
805 3551 894 3607 acrius
917 3551 1075 3609 insectatur.
1129 3552 1229 3609 nostris
1250 3551 1388 3607 codicibus
1404 3570 1412 3605 :
1428 3550 1474 3606 sed
1490 3548 1517 3605 in
1531 3549 1590 3606 istis
1611 3549 1681 3618 lraec,
1702 3543 1913 3621 amputataalli·

274 3637 368 3693 Palam
391 3638 493 3710 qnippe
513 3650 653 3696 asseverat
673 3641 734 3697 illos
753 3657 911 3713 gerrusesse
924 3644 1075 3712 leontinum,
1128 3646 1220 3717 paltio,
1237 3643 1341 3716 adjecta
1365 3652 1451 3700 sutis:
1470 3640 1506 3699 lle
1529 3658 1586 3715 qnos
1607 3642 1639 3697 de
1664 3642 1757 3698 nostrie
1783 3640 1878 3703 lebant,
1890 3650 1914 3691 er

219 3778 224 3788 .
275 3734 357 3801 eppa,
385 3734 522 3801 petissare»,
539 3737 798 3805 :montanitlpelm
823 3740 956 3807 ιπιιιχνιν,
978 3740 1077 3807 unipes·
1128 3747 1275 3808 comparant
1292 3736 1354 3792 illis.
1368 3735 1468 3794 Vernus
1487 3737 1510 3794 si
1524 3735 1582 3793 baec
1594 3735 1719 3808 Ripaltio,
1741 3744 1791 3791 aut
1814 3728 1915 3790 crrenti·

274 3845 324 3891 ιιι,
351 3831 526 3893 “Weber
549 3829 634 3897 ὓθμὺε
663 3830 793 3895 ἀνόπλων,
818 3830 860 3883 acl
881 3833 920 3883 bs
941 3829 995 3883 cce*
1011 3838 1078 3899 ομη-
1129 3830 1180 3887 bns
1190 3814 1364 3903 typographis
1379 3830 1548 3897 exciderunt,
1571 3830 1631 3902 quis
1645 3830 1777 3901 majorem
1793 3824 1912 3901 cjnsdili-

275 3936 316 3985 eu
336 3919 405 3980 stra,
424 3922 498 3986 ἄχθος
519 3921 633 3990 &palpac-
662 3918 789 3988 Otiosam,
812 3922 1004 3989 contentiosum,
1017 3923 1076 3994 plo-
1128 3924 1245 3995 gentiani
1270 3940 1324 3980 non
1345 3924 1530 3982 desiderabili
1553 3922 1657 3980 Sinera
1683 3924 1706 3978 is
1729 3922 1806 3978 solus
1820 3915 1913 3991 proprio

276 4005 323 4061 ra'tc
344 4007 458 4075 otidum,
479 4010 651 4079 iracundum,
677 4013 746 4084 pulte
768 4014 929 4082 studiosum,
959 4014 1075 4084 stultum,
1129 4024 1216 4073 marte
1229 4033 1261 4073 ea
1274 4018 1394 4083 abstulit,
1411 4018 1470 4089 quis
1485 4016 1624 4073 arrdaciam
1639 4015 1712 4073 illius
1724 4016 1824 4087 polerit
1842 4026 1912 4068 ercn-

277 4102 431 4172 lortuorurn,
447 4106 677 4176 concertaturum,
705 4118 752 4174 et,
782 4119 810 4164 ut
832 4111 911 4165 uerbis
933 4110 1078 4168 florrrericir
1129 4107 1289 4166 saretllam
1313 4112 1372 4167 lame
1390 4110 1425 4166 ad
1450 4109 1612 4166 Tertulliani
1636 4110 1786 4165 institutum
1811 4105 1913 4163 manime

277 4195 361 4250 dieunt
380 4212 390 4252 .·
411 4194 522 4254 Telluris
546 4199 636 4255 inutile
666 4202 766 4274 pondua
801 4200 928 4274 (lucian.
952 4201 1078 4260 lccrome·
1128 4204 1240 4261 iaciunt.
1277 4204 1448 4262 Probandum
1479 4203 1610 4275 siqnidem
1637 4210 1795 4274 susceperat
1814 4197 1912 4274 gentiles

277 4289 334 4355 ni.,
351 4289 479 4363 poples
502 4301 526 4348 et
550 4310 620 4367 seqq.
632 4296 653 4366 ).
674 4295 753 4350 Plura
778 4292 866 4352 adbuc
896 4296 943 4352 ille
976 4298 1003 4353 in
1027 4312 1078 4355 suo
1129 4298 1304 4373 pltilosoplrns
1325 4297 1480 4355 christianis
1503 4298 1616 4355 scientia
1639 4297 1912 4369 omninoprcpcstcrr

278 4382 312 4441 de
326 4384 408 4441 sectis
421 4385 528 4458 dialogo
553 4386 649 4460 (idern
671 4388 836 4462 Hieronpm„
852 4408 913 4464 pap.
929 4390 983 4448 28l
994 4391 1017 4463 ),
1033 4394 1077 4451 nbi
1129 4392 1274 4465 adaquari.
1290 4390 1399 4447 atittnd
1413 4400 1487 4447 reete
1498 4387 1911 4459 codenonstrat,qnodmsnan

278 4487 354 4533 certo
367 4493 398 4534 se
416 4480 451 4535 ab
477 4482 603 4538 omnibus
627 4482 765 4553 accepisse
790 4492 904 4541 ustatm
925 4486 1076 4559 Epicureas
1130 4501 1190 4543 cnm
1213 4493 1307 4540 nostra
1325 4482 1477 4539 doctrinam
1491 4490 1745 4552 compararent,ex
1767 4492 1845 4536 sacro
1862 4486 1912 4546 pru-

278 4580 420 4643 corrnptos
429 4571 534 4630 deliciis
544 4589 577 4629 ac
589 4574 791 4646 uoluptatibns;
811 4577 1006 4649 Peripateticos
1029 4596 1077 4652 pa·
1131 4580 1271 4652 phetarunr
1295 4576 1369 4633 lorrte
1393 4574 1609 4640 bortrrlossnos,
1625 4581 1655 4629 ιιι
1674 4569 1813 4629 Ciceronis
1835 4565 1911 4624 uerbis

277 4666 369 4732 ¹³¹¹de
382 4667 604 4739 cumulandisque
619 4667 720 4725 divitiis
734 4672 883 4737 tnscrrlrc,
897 4682 926 4730 et
945 4676 1077 4748 quosdam
1090 4698 1117 4760 D
1132 4684 1248 4738 umtrrnr,
1259 4667 1539 4743 irrigaverarnlldenr,
1550 4667 1654 4723 loc-cit.
1664 4682 1749 4737 supr„
1763 4681 1820 4736 cap.
1831 4662 1857 4729 1,
1869 4666 1910 4713 nrt.

278 4774 312 4815 ⁰¹
327 4759 753 4831 ἰ11Ῑὸ11111011111011111105(ιῆ
768 4765 921 4823 Platonicos
946 4784 1077 4841 animan·
1130 4768 1178 4838 1).
1193 4766 1286 4835 Neque
1301 4764 1326 4821 id
1349 4762 1427 4820 valde
1441 4762 1551 4819 diflicile
1567 4761 1632 4834 ipsis
1645 4768 1713 4817 erat.
1735 4760 1815 4817 sacra
1827 4756 1911 4829 qnippe

279 4863 331 4919 tes,
346 4856 465 4924 turgidos
479 4855 548 4913 lastn
563 4857 658 4923 triario,
672 4868 700 4914 et
717 4859 811 4930 qtoriae
832 4861 1077 4932 cupientissimus:
1129 4860 1235 4917 Veteris
1251 4858 1417 4916 Testamenti
1449 4855 1581 4925 scriptura
1611 4852 1736 4910 omnibns
1758 4850 1910 4908 ctbrricoruu

280 4956 303 5003 st
316 4953 479 5015 classensi,
507 4948 610 5021 inquit,
636 4956 790 5024 surripuerat,
820 4959 862 5007 ul
879 4958 1004 5025 ριιιιιεοι
1018 4960 1076 5011 alec.
1130 4952 1420 5018 commentationibus,
1435 4949 1474 5005 uti
1489 4948 1546 5020 ipse
1567 4948 1615 5016 ait,
1639 4954 1667 5003 et
1689 4945 1822 5003 nosband
1839 4934 1909 5000 semel

280 5040 347 5109 0⁰³2
359 5041 468 5113 quidem
481 5042 534 5099 brac
547 5046 738 5115 congessimus
750 5046 785 5100 ad
799 5061 904 5114 eorum,
929 5064 989 5118 quse
1014 5064 1079 5105 nrox
1130 5040 1309 5112 ostendimus,
1335 5053 1378 5101 est
1390 5043 1469 5115 lonqe
1479 5041 1625 5111 antiquior.
1640 5038 1720 5096 Plura
1742 5040 1828 5109 itaque
1840 5035 1910 5091 docn-

279 5134 381 5189 Auctor
400 5143 494 5191 noster
506 5134 630 5191 dicturus
644 5145 697 5203 est,
720 5136 951 5207 anticipationem.
971 5138 1026 5197 Scd
1044 5140 1079 5197 de
1131 5148 1221 5195 rncrrta
1235 5153 1267 5195 er
1280 5138 1366 5193 sacris
1376 5136 1477 5193 nostris
1489 5133 1576 5198 libris,
1589 5132 1659 5188 sicut
1671 5131 1734 5187 alibi
1748 5148 1762 5186 a
1776 5130 1849 5186 nobis
1860 5138 1910 5198 pro·

280 5226 324 5283 bis
335 5228 532 5301 jarnaliquidin
543 5231 676 5301 superiori
689 5230 878 5288 dissertatione
890 5233 1077 5292 delibavimus.
1131 5230 1221 5287 batum
1239 5228 1519 5297 melundensem
1546 5224 1700 5282 christianis
1719 5238 1796 5296 pares
1815 5214 1909 5278 scientia

318 5320 476 5392 Pltllosoplri
491 5322 573 5394 igitur
586 5322 757 5380 fraudulenta
770 5324 892 5381 ueritatis
917 5329 1079 5383 ostentatio·
1131 5324 1306 5380 crederentur
1333 5320 1436 5393 (Supr.
1451 5336 1509 5390 cap.
1524 5318 1551 5383 6,
1566 5326 1616 5373 art.
1641 5317 1658 5372 1
1678 5325 1704 5372 ct
1725 5333 1805 5387 seqq,
1818 5326 1872 5369 tont.
1892 5306 1907 5361 l·

279 5428 316 5471 ue
329 5413 419 5485 pravis
440 5415 612 5486 opinionibus
634 5416 707 5472 illam
729 5415 927 5484 adulterabant,
944 5433 979 5475 ne
1001 5427 1079 5490 patc-
1132 5416 1258 5487 Apparet.
1272 5434 1332 5488 pap.
1348 5413 1412 5480 581,
1425 5414 1487 5482 551,
1502 5411 1555 5469 1109
1565 5410 1675 5467 stilla
1689 5417 1712 5464 ct
1723 5408 1814 5482 seqq).
1921 5478 1925 5487 Ι

280 5506 350 5563 tacu
373 5507 470 5578 uulgus
496 5508 622 5565 iasarrutn
635 5509 803 5577 offenderet,
817 5519 845 5567 et
870 5522 898 5567 nt
911 5511 963 5583 ipsi
983 5512 1076 5569 lalsarn
1164 5500 1909 5581 Astphilosophiilliplorioe,nitTertnllianus,etelaqurn·

280 5617 357 5658 rante
367 5602 527 5659 eruditionis
539 5603 653 5675 gloriam
667 5603 718 5660 sibi
733 5613 871 5674 parerent,
890 5620 922 5661 ae
943 5620 1078 5661 venarer·
1132 5606 1174 5660 tire
1187 5604 1266 5659 solius
1280 5604 1419 5665 libidinosi,
1439 5602 1462 5658 si
1475 5601 1538 5672 qnid
1548 5601 1575 5655 in
1588 5598 1669 5655 rncrb
1689 5598 1831 5670 scripturis
1843 5588 1910 5659 oller·

283 5708 339 5752 tur.
360 5696 610 5761 verumenimvero,
623 5700 650 5752 in
674 5708 807 5768 qnantum,
835 5700 873 5753 ait
886 5699 1079 5768 Tertullianus,
1132 5698 1234 5763 decucat,
1248 5696 1350 5767 dipestir
1363 5710 1395 5749 cs
1407 5710 1454 5764 pra
1466 5694 1583 5749 instituto
1603 5691 1758 5747 curiosumir
1777 5689 1811 5745 ud
1818 5678 1910 5761 propriu

281 5791 368 5846 odium
382 5792 475 5862 llaqrnt
488 5792 592 5859 nerunt,
603 5792 735 5862 injtantnnr
745 5792 788 5859 qni
800 5808 855 5847 caru
865 5808 897 5848 es
907 5792 1081 5865 fideproestcr,
1133 5804 1212 5860 opere
1233 5796 1359 5842 cerlmunt
1373 5784 1536 5856 (Tertullion.
1559 5782 1706 5855 Apolopet,
1719 5799 1769 5856 cap
1796 5777 1837 5845 11,
1858 5786 1908 5846 pls·

282 5881 398 5950 offendit.
414 5882 464 5952 Qrti
474 5894 560 5941 autent
573 5885 711 5957 adulteret,
724 5885 772 5941 lroc
785 5886 1006 5945 ntecitnenonrine
1017 5904 1080 5962 pra·
1135 5880 1211 5960 ste).
1225 5881 1418 5959 secunaum
1429 5881 1464 5942 ibi
1478 5878 1669 5941 reluctantibus
1680 5871 1909 5953 scripturamque
