4084 6334
110 300 183 363 roa
322 330 325 333 -
762 299 868 361 amun
890 297 1154 370 rumorosus.
1228 236 1241 259 ’
1364 279 1365 285 ‘
1722 299 1779 363 roa

109 415 237 491 aliquado
257 411 504 491 nmdmtu'quars
525 414 562 475 de
580 413 770 475 emendatione
793 417 922 474 vitiorum
936 416 1152 489 Aquorumdam
1161 416 1305 489 presidum
1319 414 1367 475 tibi
1377 430 1540 491 proponere,
1553 416 1600 489 qui
1611 414 1703 475 iatine
1714 417 1777 473 rita

109 508 316 583 pristinorum.
335 508 414 567 Absit
432 510 506 567 enim
519 517 551 566 ιιι
568 507 809 581 indignesenamas
822 522 856 563 ea
868 522 920 563 uos
975 524 1031 567 suar
1043 509 1177 569 recordati
1192 518 1257 567 sunt
1270 510 1435 583 deliquisse,
1450 510 1522 584 quod
1539 517 1685 568 vexassent
1702 508 1777 567 clari·

109 606 181 679 pati
192 620 254 679 qum
267 606 404 678 optamus,
418 615 466 662 aot
476 606 605 664 ultiorrom
616 620 632 659 o
644 604 723 663 uobis
736 604 854 677 aliquam
865 619 924 661 ma·
974 606 1073 661 tianae.
1089 605 1217 677 vigellius
1236 606 1397 665 Saturninus
1424 607 1466 681 (5)
1480 606 1526 679 qui
1545 606 1648 681 primus
1664 606 1708 663 laic
1719 605 1776 678 qia·

110 700 279 769 claioemur,
292 714 373 773 mam
387 715 404 757 a
418 700 474 757 lieo
485 709 684 772 exspectamus.
975 698 1078 757 diumirr
1092 714 1142 755 uos
1154 700 1217 771 egit,
1233 699 1332 757 lumina
1342 701 1440 759 amisit
1453 702 1579 760 Claudius
1588 702 1687 759 Lucius
1702 702 1771 759 ller-

449 793 564 854 corut
577 794 624 853 ttl.
974 792 1111 849 minianus
1134 792 1196 866 (ι)
1219 792 1247 850 in
1266 791 1443 865 cappadocia,
1465 809 1527 851 cum
1551 792 1661 868 indigne
1682 791 1772 852 terens

156 888 265 946 Tamen
291 887 382 963 (sicut
412 903 495 961 supra
520 889 663 963 diximus)
698 888 839 946 doleamus
856 886 924 944 sne·
977 900 1090 943 uxorem
1109 900 1185 943 suam
1198 885 1232 943 ad
1246 886 1431 945 hancsectam
1455 886 1778 957 transissepelaristianos

110 997 202 1041 cesse
215 989 268 1049 est,
280 982 354 1054 quod
374 983 447 1039 nulla
469 982 564 1039 ciuitas
584 983 696 1054 impune
710 982 798 1040 iamra
811 981 848 1038 sit
857 996 923 1038 sao·
975 978 1121 1037 crudeliter
1134 987 1284 1049 tractasset,
1299 980 1426 1053 solusque
1438 980 1467 1036 in
1483 982 1609 1053 praetorto
1619 996 1669 1040 suo
1681 991 1773 1039 rasta·

110 1075 215 1149 guinis
234 1076 321 1133 nostri
343 1076 505 1133 effusionem
520 1076 572 1150 (u),
587 1077 699 1134 sicutet
711 1077 763 1134 suo
784 1076 924 1133 liilariarm
973 1079 1018 1129 tos
1038 1070 1240 1145 pesteie),eum
1261 1072 1339 1131 sirus
1359 1073 1494 1129 vermibus
1504 1072 1642 1130 ebullisset
1655 1072 1692 1147 (s)
1707 1072 1748 1147 (7)
1766 1092 1773 1132 :

111 1169 241 1242 praeside
251 1167 303 1244 (i),
318 1184 380 1227 cum
402 1170 437 1229 de
457 1170 530 1228 areis
549 1171 750 1243 sepulturarum
768 1181 923 1228 ammarum
973 1164 1060 1223 demo
1076 1165 1152 1235 seint,
1164 1166 1262 1235 aiebat,
1285 1180 1321 1223 ae
1343 1164 1383 1238 (8)
1410 1166 1545 1238 gaudeant
1563 1164 1702 1221 christiani
1723 1165 1775 1238 (9).

112 1264 336 1322 acclamassent:
352 1265 427 1323 ,trec
438 1281 492 1321 aaa
503 1264 554 1321 sim
564 1262 624 1339 (t);
639 1280 711 1323 areae
724 1264 844 1338 ipsorum
867 1278 923 1321 noa
973 1261 1073 1318 Postea
1083 1261 1190 1333 coquito
1204 1275 1297 1319 errore
1315 1272 1377 1331 suo,
1392 1259 1464 1333 quod
1486 1260 1631 1317 tormentis
1645 1258 1777 1331 quosdam

112 1358 243 1415 luerunt.
257 1358 359 1416 llesses
372 1359 444 1416 enim
458 1372 521 1415 suas
538 1373 592 1415 aon
607 1366 730 1430 egerunt.
746 1356 880 1414 Caeterum
895 1365 923 1414 ct
975 1366 991 1410 a
1005 1353 1143 1424 proposito
1163 1367 1214 1407 suo
1228 1350 1356 1411 excidere
1375 1350 1500 1417 iecisset,
1516 1366 1584 1421 pene
1606 1350 1774 1407 christianus

113 1452 210 1509 imbre
224 1449 288 1524 (Ξ)
302 1450 367 1512 anni
390 1450 520 1522 preteriti
545 1450 610 1523 quid
633 1450 824 1507 commeruerit
835 1464 921 1523 penus
973 1444 1099 1501 decessit.
1113 1442 1237 1501 cecilium
1250 1443 1358 1515 Capella
1371 1444 1398 1499 in
1413 1442 1460 1501 illo
1472 1443 1544 1501 exitu
1559 1441 1769 1515 bysantinoipi:

112 1542 269 1599 humanum
290 1542 431 1613 appamtt,
455 1540 645 1614 cataclysmum
664 1541 770 1599 scilieet
792 1549 821 1596 et
846 1548 920 1597 retro
976 1538 1117 1595 Christiani
1132 1538 1240 1611 paudere
1254 1537 1308 1609 (ιι),
1328 1537 1497 1593 exclamarit.
1512 1536 1566 1595 Sed
1580 1535 1665 1607 etqui
1681 1535 1775 1593 riden-

112 1636 159 1707 (5)
184 1635 270 1693 lauisse
285 1643 396 1706 propter
414 1634 614 1692 incredulitates
637 1644 665 1691 et
689 1634 845 1706 iniquitates
869 1632 922 1691 ho·
980 1638 1025 1687 tur
1048 1631 1098 1687 siiri
1112 1628 1171 1703 (ιθ)
1194 1630 1304 1703 impune
1317 1630 1422 1699 tulisse,
1437 1630 1546 1687 rcaicnt
1559 1630 1586 1686 in
1601 1629 1672 1687 diem
1692 1628 1776 1687 diuini

113 1732 245 1798 minum;
278 1739 307 1788 et
339 1729 415 1802 ignes
440 1730 486 1803 qui
515 1743 597 1800 super
628 1728 728 1787 moenia
751 1727 921 1800 Carmagtnu
971 1724 1077 1797 iudicii.
1096 1723 1158 1780 'libi
1180 1738 1288 1796 quoquc
1306 1736 1431 1795 optamus
1456 1723 1667 1781 admonitionem
1689 1724 1775 1781 solam

114 1821 245 1895 proxime
260 1821 446 1893 pependerunt
456 1836 505 1894 per
517 1829 636 1887 noeman,
651 1821 715 1893 quid
735 1821 830 1877 minati
852 1820 918 1890 sint,
934 1796 1073 1887 Binisse,
1102 1817 1174 1889 quod
1195 1832 1256 1875 eum
1278 1818 1471 1875 Adrimeticum
1496 1817 1623 1875 liarilum
1656 1816 1715 1890 (il)
1740 1818 1775 1875 ad

113 1914 210 1972 sciunt
220 1913 267 1985 qui
281 1912 421 1979 sidercum
434 1920 464 1969 et
473 1914 587 1985 pristina
602 1914 718 1969 tonitrua
731 1912 795 1986 quid
807 1927 920 1971 sonarc-
971 1911 1073 1969 bestias
1099 1910 1257 1969 damnasses
1270 1952 1277 1977 ,
1300 1916 1328 1968 et
1339 1913 1429 1967 statim
1439 1911 1499 1968 haec
1509 1910 1616 1968 vexatio
1629 1910 1773 1967 subsecuta

116 2015 198 2071 runt,
212 2006 301 2061 sciunt
311 2004 358 2076 qui
371 2003 566 2061 obduruerunt.
585 2003 683 2060 Omnia
697 2003 755 2061 ltaec
766 2004 843 2076 siqua
856 2013 920 2061 suot
971 2012 1029 2072 est,
1043 2011 1071 2059 et
1081 2018 1152 2059 nunc
1170 2019 1204 2059 cx
1221 2000 1316 2062 cadem
1338 2018 1432 2061 caussa
1444 2002 1624 2076 interpellatio
1636 2002 1776 2077 sanguinis

114 2097 286 2155 imminentis
299 2097 348 2154 irae
362 2097 420 2164 lici,
435 2112 517 2168 quam
533 2111 647 2153 neeesse
657 2105 708 2165 cst,
722 2096 919 2169 quoquomodo
969 2094 1015 2170 (i).
1029 2095 1083 2154 Sed
1097 2106 1233 2154 memento
1245 2097 1392 2155 decessero
1405 2097 1452 2173 (j).

114 2205 276 2265 possumus,
291 2199 321 2248 ιιι
332 2199 361 2249 et
372 2192 579 2257 annuntiemus,
592 2200 621 2247 et
630 2189 818 2263 predicemus,
829 2198 858 2246 et
869 2190 919 2247 de·
1284 2187 1398 2247 CAPUT
1421 2188 1468 2249 lt.

114 2300 263 2358 precemur
296 2285 403 2341 interim
436 2285 550 2343 localem
582 2298 645 2342 esso
672 2282 747 2355 (lia
778 2285 918 2341 uniuersa·
1005 2278 1066 2337 lion
1094 2288 1120 2339 te
1146 2288 1296 2349 terremus,
1322 2282 1369 2354 qui
1393 2297 1444 2339 aec
1469 2282 1623 2343 timemus:
1647 2289 1696 2347 sed
1728 2306 1776 2349 re-

116 2378 173 2435 lem
196 2377 269 2435 enim
290 2385 319 2435 ot
339 2392 493 2454 supremam
514 2391 566 2435 suo
588 2375 855 2449 temporesentient,
870 2376 916 2450 qui
969 2374 1035 2445 lim,
1053 2384 1083 2431 ut
1106 2389 1200 2433 omnes
1220 2376 1310 2433 salros
1342 2372 1433 2433 lacere
1461 2378 1614 2448 possimus,
1638 2383 1774 2441 monendo
1803 2374 1806 2384 ’

117 2469 244 2541 exempla
262 2468 413 2541 ejusaiiter
426 2470 646 2541 interpretantur.
661 2468 818 2525 llametsol
832 2469 917 2527 ilieia
970 2479 1008 2538 μι
1042 2472 1176 2539 tramete.
1210 2467 1290 2525 Potes
1321 2476 1350 2525 et
1382 2466 1471 2525 allicio
1498 2468 1693 2540 iurisdictionis
1721 2484 1775 2533 tue

121 2572 255 2619 conuentu
269 2561 391 2621 Uticensi
412 2561 463 2637 (c),
486 2563 605 2620 extincto
627 2576 697 2633 pene
718 2562 837 2629 lumine,
852 2562 921 2619 adeo
970 2559 1056 2632 iungi,
1072 2570 1100 2617 et
1112 2559 1287 2617 humanitatis
1300 2560 1475 2629 meminisse,
1494 2561 1537 2618 rel
1547 2562 1609 2635 quia
1620 2575 1649 2621 et
1660 2580 1709 2623 vos
1723 2568 1775 2625 sub

121 2662 273 2727 portentum
291 2654 360 2725 luit,
380 2665 411 2711 ut
424 2670 480 2713 nou
499 2655 619 2727 potuerit
638 2671 672 2711 ex
694 2654 832 2713 ordinario
849 2655 921 2713 deli·
972 2653 1064 2728 gladio
1075 2652 1150 2711 estis.
1163 2653 1236 2723 Quid
1247 2654 1320 2709 enirn
1334 2653 1451 2725 amplias
1464 2654 1511 2711 tibi
1526 2656 1679 2725 manniatur,
1693 2676 1773 2731 quam

122 2748 185 2819 quio
206 2746 258 2803 hoc
278 2748 351 2817 pati,
376 2746 480 2819 positus
496 2747 524 2804 in
537 2762 588 2803 sao
601 2747 760 2821 lappsomate
774 2748 921 2805 otdomici·
972 2755 1103 2805 nocentes
1116 2740 1409 2816 contessosdamnare,
1424 2756 1554 2821 negantes
1567 2760 1657 2809 autem
1669 2752 1702 2809 ad
1714 2764 1770 2811 tor-

119 2837 158 2898 lio
169 2836 221 2912 (ιι).
235 2838 346 2928 linietis
355 2839 525 2913 astrologos.
539 2838 687 2899 Possumus
698 2854 777 2913 aque
793 2850 822 2897 ot
834 2841 923 2899 oritus
973 2849 1064 2899 menta
1079 2840 1230 2899 revocaret
1246 2838 1348 2897 Videtis
1360 2854 1425 2913 ergo
1436 2839 1573 2913 quomodo
1587 2842 1639 2917 ipsi
1650 2858 1697 2902 sos
1709 2860 1775 2905 cou-

731 2952 925 3019 luculentis
943 2956 1152 3016 ianitores.

162 3048 189 3151 ὲ)
202 3050 314 3105 Prassids
323 3052 390 3107 riost
397 3051 474 3107 urea.
970 3052 1067 3103 manus
1081 3050 1164 3127 Vestio.⁸
1172 3050 1197 3102 5.
1208 3048 1303 3125 ιιιιιὶιιιιΙ
1316 3046 1506 3102 Gerominiaaus
1522 3049 1613 3105 lunio
1627 3010 1769 3121 Ιιιιιριιιιιιι

164 3113 419 3177 ur
970 3112 1376 3233 ‘enarraretur-

162 3240 178 3289 t
203 3240 374 3293 Derrrecemur
385 3242 494 3301 iuterim,
503 3239 606 3291 localem
614 3239 675 3291 iun.
930 3264 955 3334 c
1012 3238 1028 3287 8
1055 3236 1181 3293 Panaetius
1191 3235 1320 3305 interjecit.
1329 3250 1375 3302 spe
1386 3236 1536 3313 imperim
1544 3236 1656 3309 ltipuitt'o.
1766 3270 1773 3305 2

162 3304 177 3353 5
204 3300 310 3391 iiiiii.
319 3301 418 3377 ,Gellius
427 3304 583 3353 Saturninus
595 3297 737 3355 Poetelius:
749 3296 853 3364 tripu
862 3298 917 3353 Sat.
1012 3302 1029 3351 o
1058 3301 1155 3377 triremos
1164 3300 1226 3373 prid.
1238 3308 1280 3351 aut
1290 3313 1334 3364 spe
1346 3300 1495 3353 curuum.

120 3363 591 3512 δ’ῗῗίωὶιέἓιώίῗιὲἷιὶιὲιῖιιιιιιιιε,
607 3422 652 3482 atti
665 3424 778 3479 :lucius
794 3426 918 3503 llieronp·
1016 3364 1048 3477 i?
1075 3360 1263 3479 fflssgffium
1272 3423 1312 3479 oei
1319 3381 1507 3479 Adrumeticum
1518 3424 1595 3481 tutan

807 3528 1086 3589 COMMENTARIUS.

123 3643 827 3721 amouritramasotoreamsaapatmmodprom
837 3660 915 3715 pura.
969 3644 1073 3703 urbana
1094 3659 1154 3717 quae
1173 3642 1263 3701 differt
1282 3644 1412 3703 artistica
1433 3654 1547 3717 propter
1564 3646 1725 3719 elegantiam
1745 3660 1774 3709 et

121 3718 187 3775 liam
205 3718 365 3775 sacrificium
380 3734 434 3775 aon
445 3719 495 3775 uisi
515 3734 564 3791 per
583 3732 678 3790 preces
696 3723 724 3775 et
742 3730 792 3790 per
806 3717 917 3775 inuoca-
969 3718 1097 3775 nitorem.
1111 3716 1222 3775 Sueten.
1233 3717 1261 3775 iu
1272 3714 1357 3791 calip.
1373 3731 1433 3791 cap.
1442 3716 1488 3789 57,
1501 3726 1529 3775 et
1539 3718 1569 3775 in
1578 3722 1699 3792 Augusto
1711 3736 1772 3795 etp.

122 3790 218 3846 tionem
230 3789 396 3847 sacrificatur
407 3800 453 3847 aut
465 3789 603 3847 offeretur.
616 3790 686 3847 Pars.
969 3786 1015 3845 rt.
1031 3790 1119 3845 liuan.

155 3860 232 3917 CAP.
248 3861 334 3917 lll.-
348 3862 474 3946 (aiQuod
486 3862 657 3918 uuiiocieitus
669 3861 774 3935 impuno
784 3861 917 3917 ιοιιιιιὶι.
1006 3859 1040 3935 (i)
1069 3858 1200 3917 Verrniiut
1217 3858 1355 3915 obstitisset.
1370 3858 1551 3931 Hieronymus
1575 3862 1602 3918 in
1623 3860 1769 3932 iliiarione,

123 3930 188 4016 ilinc
200 3931 266 3990 illud
280 3932 918 4018 Cyprianimartpris:necunquam3inquitim-
969 3933 1086 4017 dranosa
1108 3934 1178 4017 septe
1198 3934 1352 4015 serpentium
1371 3940 1396 3987 et
1420 3943 1599 3991 urummtorutu
1620 3935 1772 3993 uniaraiiunt

123 4005 851 4159 {igtrrumudsigilriffislziffiauffossa‘iffifrrnrflissassrgfwr'‚m
861 4019 918 4063 Μ
970 4004 1403 4159 ώιξὲἓωιιιιιᾞιιιοηὲἓῗιΐῖιηέιαιιιίηο,
1416 4064 1523 4133 Esiiunt
1546 4075 1613 4133 dicit
1629 4093 1660 4159 ca
1673 4078 1769 4149 torma,

158 4145 196 4220 (iri
209 4148 283 4203 Arce
293 4164 345 4203 non
358 4149 418 4205 sim.
433 4146 593 4207 Coemeteria
606 4149 679 4205 intell
708 4150 739 4203 it.
752 4146 832 4203 ludu
844 4146 916 4204 euim
968 4161 1023 4218 qua
1037 4156 1185 4213 mterrtuur,
1201 4158 1231 4203 ut
1243 4146 1289 4203 irlr.
1306 4147 1341 4203 de
1351 4148 1549 4207 resurrectione
1563 4164 1671 4205 carnus:
1688 4148 1771 4208 Nemo

124 4216 151 4299 in
164 4234 239 4274 uoce.
258 4218 326 4275 Nam
338 4235 401 4276 cum
415 4220 666 4289 iileacclamasset,
686 4164 759 4275 {rere
779 4236 832 4275 aon
852 4218 913 4286 sim,
967 4220 1055 4274 uritur
1067 4218 1208 4291 Botpiouis
1232 4219 1302 4273 eaitu
1325 4220 1405 4289 penit,
1422 4228 1450 4275 et
1472 4220 1518 4275 lib.
1542 4218 1604 4277 adr.
1630 4219 1738 4279 iudicas
1761 4240 1769 4280 ι

125 4289 251 4345 intellexit
263 4290 298 4347 ds
312 4289 475 4361 sepulturis;
490 4307 552 4346 curn
566 4306 673 4347 rursum
683 4290 749 4349 dicit
763 4308 771 4345 :
786 4291 859 4345 Areo
872 4292 917 4358 ip·
968 4288 1075 4346 Exitum
1089 4289 1194 4358 Cirrirti,
1206 4290 1292 4357 idest,
1304 4300 1428 4347 mortem.
1444 4290 1505 4348 lito.

124 4377 270 4417 aerumnosa
288 4364 403 4432 puerum,
419 4362 546 4433 intelligit
560 4360 594 4417 de
607 4362 679 4418 areis
694 4362 832 4419 messius.
844 4364 916 4417 Area
996 4363 1042 4433 tir)
1063 4362 1201 4424 illusistieni
1218 4362 1335 4433 paudere.
1356 4361 1508 4418 indicendae
1525 4362 1698 4421 exultationis
1711 4365 1767 4423 lor·

124 4441 215 4487 autem
229 4447 277 4499 pro
290 4433 446 4488 coemeterio
459 4436 584 4498 sumitur,
598 4433 724 4493 Pontius,
742 4433 874 4488 liiuconus
887 4433 916 4489 in
967 4433 1041 4489 mola
1064 4432 1124 4499 suit,
1151 4432 1324 4489 annuunt).
1340 4433 1417 4501 Quod
1437 4434 1517 4489 etiam
1532 4435 1660 4493 discimus
1673 4452 1710 4493 ex
1724 4452 1770 4493 au-

123 4503 184 4559 actis
195 4502 331 4576 Cypriani.
346 4502 468 4572 Sepultus
478 4513 514 4557 est
534 4504 561 4557 in
572 4519 634 4562 urea
646 4501 757 4558 Condidi
765 4517 916 4572 procurato·
966 4518 1016 4560 reo
1030 4520 1140 4561 rrunnno
1160 4504 1314 4561 Maximiani
1327 4503 1451 4567 Caesaris,
1466 4504 1493 4560 iu
1507 4521 1560 4577 qno
1574 4506 1635 4561 dum
1651 4508 1771 4564 victoriae

124 4574 168 4628 ris.
177 4573 284 4630 Etenim
295 4573 454 4629 Coemeteria
467 4582 594 4629 rnmrant
612 4584 719 4629 ueteres
733 4576 875 4634 tremamus
888 4584 916 4629 et
967 4576 1074 4645 cippum
1088 4576 1232 4641 sustinent,
1248 4590 1308 4630 curn
1325 4576 1498 4644 irrseriptiuue
1513 4592 1520 4630 :
1536 4575 1699 4634 GAUDETE
1708 4577 1770 4635 RO-

125 4660 196 4701 areas
223 4653 252 4700 ut
267 4645 423 4700 testificatur
437 4644 456 4699 Ι.
471 4643 648 4716 Bulengerus,
661 4658 722 4715 cap.
743 4642 790 4716 li,
806 4614 1064 4712 latrinulam.
1089 4646 1249 4703 Prudentius
1272 4645 1425 4703 Catlrcmer.
1448 4646 1499 4702 snit
1535 4649 1615 4703 iiucrn
1631 4665 1638 4703 ι
1655 4648 1770 4707 Gaudete

125 4716 290 4787 detenrptis.
305 4715 371 4773 Lac.
967 4718 1092 4791 quidquid
1113 4718 1225 4791 pontium
1241 4725 1287 4773 est.
1301 4718 1438 4784 llnrtialis,
1452 4717 1499 4782 xl,
1516 4718 1560 4775 ot.
1574 4718 1635 4776 liro.

155 4788 191 4859 (ι)
213 4786 383 4843 luconuentu
402 4786 727 4849 UticensiUtieaeAIricat
738 4784 917 4860 oppidumei·
1005 4790 1037 4859 (i)
1065 4788 1097 4845 Et
1119 4805 1187 4843 nuuc
1200 4790 1331 4844 excorient
1345 4806 1423 4843 cousu
1441 4790 1612 4859 interpellatio
1625 4790 1769 4863 soapuiat's.

125 4858 189 4915 rium
201 4859 281 4916 ilom.
295 4858 405 4916 Catonis
417 4871 505 4916 morte
536 4857 637 4924 nobile.
659 4870 691 4915 ut
711 4869 758 4916 est
775 4859 848 4929 apud
858 4858 916 4917 Pii·
967 4858 1082 4933 Scapula
1096 4862 1186 4915 statim
1202 4868 1261 4930 post
1278 4860 1435 4917 damnatum
1458 4860 1582 4917 mullum
1605 4850 1770 4923 acutissimae

125 4930 201 5010 airum.
214 4933 233 4987 ll
246 4939 433 5015 ⁸paretautem
445 4932 599 5015 distinctam
610 4930 694 5015 tuisse
706 4930 735 4986 in
753 4938 914 4995 conuentus,
967 4930 1110 5013 cujusdam
1138 4930 1305 5003 mqmurdinis
1326 4932 1445 5015 cruciatu
1465 4933 1558 5015 senari
1575 4942 1702 5061 cuperat,
1715 4949 1770 5006 quo

126 5002 915 5153 iiiiii„ittetattildliiitieillttlti
965 5001 1617 5136 ilttftitatiiitttiiiiitltitli.⁰
1629 5013 1769 5135 illiti

130 5138 177 5195 llos
189 5140 349 5226 rdemuocat
360 5144 503 5213 luridicos,
515 5145 586 5217 quod
598 5146 654 5201 iilic
665 5159 716 5200 suo
725 5144 825 5215 quique
837 5144 914 5215 oppi·
963 5152 1006 5200 rat
1031 5146 1065 5201 ad
1086 5146 1168 5201 iteum
1179 5147 1287 5217 sarrqnis
1300 5144 1478 5216 christianus,
1501 5158 1532 5201 ac
1545 5144 1643 5201 diuinae
1649 5146 1765 5272 1petien-

127 5209 269 5268 dofiurtrmr
284 5214 473 5285 disceptarent.
496 5216 651 5282 istiusmodi
665 5225 812 5272 maternus
831 5215 913 5273 lrorlio
962 5217 1008 5271 tire
1016 5216 1648 5287 morasinterpellaverat-Panibusexemplis,se
1680 5234 1761 5275 caas-

128 5279 239 5337 relerunt
250 5286 321 5353 apud
334 5283 500 5345 Christianos
521 5287 618 5357 oppida
628 5285 772 5358 episcopiis
786 5286 911 5358 insignia,
962 5302 993 5343 sa
1006 5288 1086 5359 longe
1105 5288 1206 5359 dispari
1221 5288 1366 5345 Petiliaous
1378 5288 1516 5344 Donatista
1530 5288 1593 5344 adr.
1608 5286 1763 5347 catholicos

129 5362 246 5423 quantum
257 5353 292 5409 ad
304 5370 412 5414 caussas
424 5358 736 5415 attinoteeclcsiasticas.
748 5356 831 5429 igitur
843 5374 912 5413 con·
961 5362 1108 5429 pugnabat,
1133 5369 1162 5415 ut
1185 5358 1277 5417 ridere
1288 5369 1330 5415 est
1354 5360 1381 5415 iu
1397 5358 1587 5418 dissertatione
1607 5360 1761 5431 Augustini.

127 5423 396 5509 rentum'litieeusem
407 5432 511 5501 accipe,
525 5445 574 5500 pro
587 5439 672 5487 ιιιιιιι
683 5430 737 5503 iqui
745 5427 911 5503 juridictioni
961 5428 1071 5487 Etenim
1085 5430 1231 5487 Petiliauus
1244 5430 1399 5487 terribiliter
1418 5442 1571 5500 proponere
1588 5445 1671 5487 ausus
1683 5438 1767 5489 estet

126 5494 282 5553 iltrccusrum
297 5498 509 5567 sulrpectuserat.
521 5501 611 5557 littam
963 5500 1055 5558 diocte
1071 5501 1145 5571 ιδιά
1158 5512 1185 5557 ut
1197 5512 1289 5562 cetea
1303 5512 1410 5568 lucerna,
1429 5502 1458 5556 iu
1475 5502 1566 5556 uestris
1575 5502 1700 5573 esempiis
1716 5502 1766 5559 ort-

158 5565 203 5638 (dp
214 5566 320 5623 Potitus
331 5569 359 5621 iu
370 5584 417 5623 suo
430 5571 587 5641 iuppsonaotr.
602 5570 689 5629 Utitur
712 5572 849 5631 vocaouts
867 5585 911 5628 trs-
961 5575 1051 5629 uertite
1072 5574 1238 5644 imperotores
1260 5572 1422 5643 quamplures
1433 5588 1464 5627 oe
1478 5573 1579 5641 judiees
1595 5582 1692 5631 uestros
1706 5590 1765 5647 ptr·

127 5640 282 5711 trologorum
292 5639 405 5707 loquens
416 5639 451 5695 dc
464 5642 556 5711 eclipsi
568 5642 682 5713 quadam
693 5645 825 5710 solis,rton
833 5644 908 5699 omli-
958 5646 1116 5704 secutionem
1129 5644 1200 5699 troiia
1213 5644 1329 5715 faciendo
1350 5644 1464 5714 periisse.
1477 5645 1538 5702 lits.

127 5712 201 5776 naria,
215 5710 262 5768 scal
274 5709 433 5780 prodigiosa,
451 5713 528 5781 positi
539 5714 650 5781 scilieet,
672 5723 701 5769 ut
723 5731 795 5771 raunc
814 5715 909 5773 audire
996 5716 1030 5787 ij)
1053 5716 1106 5771 Sed
1127 5727 1248 5771 mertuum
1264 5717 1295 5769 rie
1316 5729 1416 5773 coetero.
1444 5715 1501 5773 Hoc
1526 5725 1580 5783 est,
1601 5716 1637 5773 tle
1661 5715 1763 5788 inituro,

128 5792 199 5845 unat,
215 5798 295 5851 supra
310 5782 437 5865 relucerte
450 5794 524 5839 extra
538 5784 637 5841 niodum
648 5787 750 5843 lunare.
767 5787 834 5844 Eun.
960 5802 1070 5845 ararrere
1084 5787 1185 5849 seilicet
1196 5786 1323 5857 ultionem
1336 5799 1465 5859 atterutro
1475 5792 1557 5863 louge
1568 5784 1764 5851 formidabilio-

129 5907 146 5928 ,,
159 5854 193 5927 (ι)
210 5852 337 5927 Sotaupue
353 5870 382 5913 ur
394 5856 512 5929 potorio
525 5872 582 5919 ssu·
602 5856 762 5919 Pretorium
783 5869 826 5919 est
842 5858 907 5921 uilia
957 5873 1028 5919 rem.
1060 5858 1123 5929 liro,
