<?xml version="1.0" encoding="UTF-8"?>
<!DOCTYPE html PUBLIC "-//W3C//DTD XHTML 1.0 Transitional//EN"
    "http://www.w3.org/TR/xhtml1/DTD/xhtml1-transitional.dtd">
<html xmlns="http://www.w3.org/1999/xhtml" xml:lang="en" lang="en">
 <head>
  <title>
</title>
<meta http-equiv="Content-Type" content="text/html;charset=utf-8" />
  <meta name='ocr-system' content='tesseract 3.04.00' />
  <meta name='ocr-capabilities' content='ocr_page ocr_carea ocr_par ocr_line ocrx_word'/>
</head>
<body>
  <div class='ocr_page' id='page_1' title='image "./patrologiaecurs139migngoog_0495.png"; bbox 0 0 4084 6334; ppageno 0'>
   <div class='ocr_carea' id='block_1_1' title="bbox 144 272 1794 385">
    <p class='ocr_par' dir='ltr' id='par_1_1' title="bbox 144 272 1794 385">
     <span class='ocr_line' id='line_1_1' title="bbox 144 272 1794 385; baseline -0.001 -2"><span class='ocrx_word' id='word_1_1' title='bbox 144 318 199 385; x_wconf 85' lang='lat' dir='ltr'>aet</span> <span class='ocrx_word' id='word_1_2' title='bbox 708 272 937 380; x_wconf 73' lang='lat' dir='ltr'>nummatam</span> <span class='ocrx_word' id='word_1_3' title='bbox 954 317 987 382; x_wconf 88' lang='lat' dir='ltr'>n.</span> <span class='ocrx_word' id='word_1_4' title='bbox 1005 316 1052 381; x_wconf 81' lang='lat' dir='ltr'>ta</span> <span class='ocrx_word' id='word_1_5' title='bbox 1070 316 1222 381; x_wconf 82' lang='lat' dir='ltr'>munna.</span> <span class='ocrx_word' id='word_1_6' title='bbox 1562 312 1565 319; x_wconf 86' lang='grc'><strong>’</strong></span> <span class='ocrx_word' id='word_1_7' title='bbox 1738 317 1794 381; x_wconf 83' lang='lat' dir='ltr'>asa</span> 
     </span>
    </p>
   </div>
   <div class='ocr_carea' id='block_1_2' title="bbox 142 430 1797 4797">
    <p class='ocr_par' dir='ltr' id='par_1_2' title="bbox 142 430 1797 3115">
     <span class='ocr_line' id='line_1_2' title="bbox 180 430 1793 509; baseline 0.001 -20"><span class='ocrx_word' id='word_1_8' title='bbox 180 435 257 509; x_wconf 85' lang='lat' dir='ltr'>Qrtod</span> <span class='ocrx_word' id='word_1_9' title='bbox 274 449 340 496; x_wconf 86' lang='lat' dir='ltr'>tero</span> <span class='ocrx_word' id='word_1_10' title='bbox 353 435 417 507; x_wconf 89' lang='lat' dir='ltr'>ille,</span> <span class='ocrx_word' id='word_1_11' title='bbox 432 448 464 491; x_wconf 89' lang='lat' dir='ltr'>ac</span> <span class='ocrx_word' id='word_1_12' title='bbox 475 441 568 509; x_wconf 83' lang='lat' dir='ltr'>postea</span> <span class='ocrx_word' id='word_1_13' title='bbox 582 432 732 508; x_wconf 79' lang='lat' dir='ltr'>Cyprianus</span> <span class='ocrx_word' id='word_1_14' title='bbox 744 433 857 500; x_wconf 89' lang='lat' dir='ltr'>dicunt,</span> <span class='ocrx_word' id='word_1_15' title='bbox 873 448 941 506; x_wconf 84' lang='lat' dir='ltr'>pru·</span> <span class='ocrx_word' id='word_1_16' title='bbox 954 432 979 505; x_wconf 71' lang='grc' dir='ltr'>Α</span> <span class='ocrx_word' id='word_1_17' title='bbox 994 430 1072 487; x_wconf 85' lang='lat' dir='ltr'>linae</span> <span class='ocrx_word' id='word_1_18' title='bbox 1085 432 1172 494; x_wconf 74' lang='lat' dir='ltr'>ludaei</span> <span class='ocrx_word' id='word_1_19' title='bbox 1183 434 1325 501; x_wconf 83' lang='lat' dir='ltr'>detructum</span> <span class='ocrx_word' id='word_1_20' title='bbox 1338 432 1370 489; x_wconf 83' lang='lat' dir='ltr'>de</span> <span class='ocrx_word' id='word_1_21' title='bbox 1384 449 1470 504; x_wconf 87' lang='lat' dir='ltr'>cruce,</span> <span class='ocrx_word' id='word_1_22' title='bbox 1482 443 1507 491; x_wconf 89' lang='lat' dir='ltr'>et</span> <span class='ocrx_word' id='word_1_23' title='bbox 1520 432 1638 507; x_wconf 87' lang='lat' dir='ltr'>sepulcro</span> <span class='ocrx_word' id='word_1_24' title='bbox 1650 434 1793 503; x_wconf 81' lang='lat' dir='ltr'>conditura,</span> 
     </span>
     <span class='ocr_line' id='line_1_3' title="bbox 144 526 1793 605; baseline -0.002 -18"><span class='ocrx_word' id='word_1_25' title='bbox 144 540 217 587; x_wconf 80' lang='lat' dir='ltr'>orato</span> <span class='ocrx_word' id='word_1_26' title='bbox 231 529 361 605; x_wconf 73' lang='lat' dir='ltr'>carnificis</span> <span class='ocrx_word' id='word_1_27' title='bbox 380 528 484 604; x_wconf 68' lang='lat' dir='ltr'>appele,</span> <span class='ocrx_word' id='word_1_28' title='bbox 502 528 568 586; x_wconf 94' lang='lat' dir='ltr'>illud</span> <span class='ocrx_word' id='word_1_29' title='bbox 582 528 689 601; x_wconf 88' lang='lat' dir='ltr'>planius</span> <span class='ocrx_word' id='word_1_30' title='bbox 701 535 728 584; x_wconf 89' lang='lat' dir='ltr'>et</span> <span class='ocrx_word' id='word_1_31' title='bbox 744 528 885 586; x_wconf 72' lang='lat' dir='ltr'>enodatius</span> <span class='ocrx_word' id='word_1_32' title='bbox 898 526 942 583; x_wconf 93' lang='lat' dir='ltr'>bis</span> <span class='ocrx_word' id='word_1_33' title='bbox 994 542 1087 601; x_wconf 86' lang='lat' dir='ltr'>tuaque</span> <span class='ocrx_word' id='word_1_34' title='bbox 1102 527 1179 586; x_wconf 91' lang='lat' dir='ltr'>etiam</span> <span class='ocrx_word' id='word_1_35' title='bbox 1198 526 1316 583; x_wconf 90' lang='lat' dir='ltr'>militaris</span> <span class='ocrx_word' id='word_1_36' title='bbox 1329 527 1451 588; x_wconf 79' lang='lat' dir='ltr'>custodiar</span> <span class='ocrx_word' id='word_1_37' title='bbox 1472 526 1603 601; x_wconf 83' lang='lat' dir='ltr'>ditiqmtie</span> <span class='ocrx_word' id='word_1_38' title='bbox 1622 526 1793 585; x_wconf 84' lang='lat' dir='ltr'>circtuusede·</span> 
     </span>
     <span class='ocr_line' id='line_1_4' title="bbox 143 603 1794 695; baseline 0 -14"><span class='ocrx_word' id='word_1_39' title='bbox 143 622 275 682; x_wconf 73' lang='lat' dir='ltr'>lactantii</span> <span class='ocrx_word' id='word_1_40' title='bbox 297 622 387 684; x_wconf 84' lang='lat' dir='ltr'>uerbis</span> <span class='ocrx_word' id='word_1_41' title='bbox 403 603 570 693; x_wconf 74' lang='lat' dir='ltr'>explicatur:</span> <span class='ocrx_word' id='word_1_42' title='bbox 585 618 667 676; x_wconf 78' lang='lat' dir='ltr'>Fisus</span> <span class='ocrx_word' id='word_1_43' title='bbox 687 638 745 679; x_wconf 87' lang='lat' dir='ltr'>cunr</span> <span class='ocrx_word' id='word_1_44' title='bbox 759 620 878 692; x_wconf 88' lang='lat' dir='ltr'>spiritum</span> <span class='ocrx_word' id='word_1_45' title='bbox 897 618 943 675; x_wconf 83' lang='lat' dir='ltr'>de·</span> <span class='ocrx_word' id='word_1_46' title='bbox 993 630 1054 675; x_wconf 87' lang='lat' dir='ltr'>ruut</span> <span class='ocrx_word' id='word_1_47' title='bbox 1064 618 1169 693; x_wconf 70' lang='lat' dir='ltr'>(leid).</span> <span class='ocrx_word' id='word_1_48' title='bbox 1183 620 1213 676; x_wconf 93' lang='lat' dir='ltr'>lu</span> <span class='ocrx_word' id='word_1_49' title='bbox 1226 624 1326 679; x_wconf 87' lang='lat' dir='ltr'>uostris</span> <span class='ocrx_word' id='word_1_50' title='bbox 1338 622 1469 693; x_wconf 86' lang='lat' dir='ltr'>siquidem</span> <span class='ocrx_word' id='word_1_51' title='bbox 1481 622 1705 695; x_wconf 84' lang='lat' dir='ltr'>manuscriptiset¹</span> <span class='ocrx_word' id='word_1_52' title='bbox 1715 632 1794 681; x_wconf 88' lang='lat' dir='ltr'>antea</span> 
     </span>
     <span class='ocr_line' id='line_1_5' title="bbox 144 712 1794 793; baseline -0.004 -16"><span class='ocrx_word' id='word_1_53' title='bbox 144 720 278 793; x_wconf 87' lang='lat' dir='ltr'>posuisset,</span> <span class='ocrx_word' id='word_1_54' title='bbox 297 717 468 774; x_wconf 68' lang='lat' dir='ltr'>necatorium</span> <span class='ocrx_word' id='word_1_55' title='bbox 481 715 616 791; x_wconf 76' lang='lat' dir='ltr'>carrrlfices</span> <span class='ocrx_word' id='word_1_56' title='bbox 639 730 690 769; x_wconf 89' lang='lat' dir='ltr'>noa</span> <span class='ocrx_word' id='word_1_57' title='bbox 713 723 865 785; x_wconf 87' lang='lat' dir='ltr'>putauerunt</span> <span class='ocrx_word' id='word_1_58' title='bbox 884 728 942 766; x_wconf 84' lang='lat' dir='ltr'>ossa</span> <span class='ocrx_word' id='word_1_59' title='bbox 993 712 1073 776; x_wconf 82' lang='lat' dir='ltr'>editis</span> <span class='ocrx_word' id='word_1_60' title='bbox 1095 714 1295 785; x_wconf 73' lang='lat' dir='ltr'><strong>exemplaribus</strong></span> <span class='ocrx_word' id='word_1_61' title='bbox 1315 715 1521 789; x_wconf 63' lang='lat' dir='ltr'>legitimaam</span> <span class='ocrx_word' id='word_1_62' title='bbox 1540 714 1627 773; x_wconf 76' lang='lat' dir='ltr'>ludaei</span> <span class='ocrx_word' id='word_1_63' title='bbox 1630 752 1684 775; x_wconf 92' lang='grc'><strong>.....</strong></span> <span class='ocrx_word' id='word_1_64' title='bbox 1700 732 1794 791; x_wconf 82' lang='lat' dir='ltr'>utaque</span> 
     </span>
     <span class='ocr_line' id='line_1_6' title="bbox 146 805 1792 886; baseline -0.004 -16"><span class='ocrx_word' id='word_1_65' title='bbox 146 816 202 886; x_wconf 78' lang='lat' dir='ltr'>ejus</span> <span class='ocrx_word' id='word_1_66' title='bbox 214 810 377 885; x_wconf 73' lang='lat' dir='ltr'>suffrirrqere,</span> <span class='ocrx_word' id='word_1_67' title='bbox 392 811 456 867; x_wconf 85' lang='lat' dir='ltr'>sicut</span> <span class='ocrx_word' id='word_1_68' title='bbox 468 826 523 867; x_wconf 85' lang='lat' dir='ltr'>utos</span> <span class='ocrx_word' id='word_1_69' title='bbox 537 825 625 864; x_wconf 86' lang='lat' dir='ltr'>eorum</span> <span class='ocrx_word' id='word_1_70' title='bbox 639 806 735 879; x_wconf 71' lang='lat' dir='ltr'>[errius</span> <span class='ocrx_word' id='word_1_71' title='bbox 752 806 881 881; x_wconf 80' lang='lat' dir='ltr'>(lactant.</span> <span class='ocrx_word' id='word_1_72' title='bbox 895 806 940 863; x_wconf 85' lang='lat' dir='ltr'>tit.</span> <span class='ocrx_word' id='word_1_73' title='bbox 993 808 1069 861; x_wconf 89' lang='lat' dir='ltr'>etiam</span> <span class='ocrx_word' id='word_1_74' title='bbox 1077 805 1182 861; x_wconf 87' lang='lat' dir='ltr'>militari</span> <span class='ocrx_word' id='word_1_75' title='bbox 1192 824 1279 873; x_wconf 88' lang='lat' dir='ltr'>aranu,</span> <span class='ocrx_word' id='word_1_76' title='bbox 1291 807 1413 866; x_wconf 84' lang='lat' dir='ltr'>cirstodire</span> <span class='ocrx_word' id='word_1_77' title='bbox 1429 806 1560 879; x_wconf 86' lang='lat' dir='ltr'>diliqeutio</span> <span class='ocrx_word' id='word_1_78' title='bbox 1570 808 1792 866; x_wconf 83' lang='lat' dir='ltr'>circumsederunt.</span> 
     </span>
     <span class='ocr_line' id='line_1_7' title="bbox 143 882 1795 977; baseline -0.005 -13"><span class='ocrx_word' id='word_1_79' title='bbox 143 908 170 975; x_wconf 78' lang='lat' dir='ltr'>l,</span> <span class='ocrx_word' id='word_1_80' title='bbox 182 906 262 961; x_wconf 85' lang='lat' dir='ltr'>diuin.</span> <span class='ocrx_word' id='word_1_81' title='bbox 275 899 360 959; x_wconf 83' lang='lat' dir='ltr'>irretit.</span> <span class='ocrx_word' id='word_1_82' title='bbox 373 920 432 977; x_wconf 81' lang='lat' dir='ltr'>cup.</span> <span class='ocrx_word' id='word_1_83' title='bbox 453 902 510 976; x_wconf 73' lang='lat'><strong>26).</strong></span> <span class='ocrx_word' id='word_1_84' title='bbox 520 903 558 959; x_wconf 86' lang='lat' dir='ltr'>lle</span> <span class='ocrx_word' id='word_1_85' title='bbox 578 900 726 959; x_wconf 90' lang='lat' dir='ltr'>bocautem</span> <span class='ocrx_word' id='word_1_86' title='bbox 745 916 822 959; x_wconf 89' lang='lat' dir='ltr'>more</span> <span class='ocrx_word' id='word_1_87' title='bbox 836 900 942 971; x_wconf 76' lang='lat' dir='ltr'>Lipsius</span> <span class='ocrx_word' id='word_1_88' title='bbox 993 899 1063 971; x_wconf 80' lang='lat' dir='ltr'>Quid</span> <span class='ocrx_word' id='word_1_89' title='bbox 1078 909 1167 955; x_wconf 87' lang='lat' dir='ltr'>nutem</span> <span class='ocrx_word' id='word_1_90' title='bbox 1183 900 1218 955; x_wconf 93' lang='lat' dir='ltr'>ibi</span> <span class='ocrx_word' id='word_1_91' title='bbox 1239 882 1372 956; x_wconf 79' lang='lat' dir='ltr'>nocebant</span> <span class='ocrx_word' id='word_1_92' title='bbox 1388 900 1445 955; x_wconf 89' lang='lat' dir='ltr'>baec</span> <span class='ocrx_word' id='word_1_93' title='bbox 1457 899 1554 967; x_wconf 85' lang='lat' dir='ltr'>rerba,</span> <span class='ocrx_word' id='word_1_94' title='bbox 1573 918 1667 973; x_wconf 88' lang='lat' dir='ltr'>maquu</span> <span class='ocrx_word' id='word_1_95' title='bbox 1688 900 1795 957; x_wconf 84' lang='lat' dir='ltr'>militari</span> 
     </span>
     <span class='ocr_line' id='line_1_8' title="bbox 142 982 1795 1071; baseline -0.004 -16"><span class='ocrx_word' id='word_1_96' title='bbox 142 998 277 1071; x_wconf 86' lang='lat' dir='ltr'>disputat,</span> <span class='ocrx_word' id='word_1_97' title='bbox 291 1012 370 1071; x_wconf 87' lang='lat' dir='ltr'>quem</span> <span class='ocrx_word' id='word_1_98' title='bbox 383 995 409 1053; x_wconf 91' lang='lat' dir='ltr'>si</span> <span class='ocrx_word' id='word_1_99' title='bbox 420 994 494 1054; x_wconf 87' lang='lat' dir='ltr'>lubet</span> <span class='ocrx_word' id='word_1_100' title='bbox 506 1006 533 1052; x_wconf 90' lang='lat' dir='ltr'>et</span> <span class='ocrx_word' id='word_1_101' title='bbox 547 1004 633 1062; x_wconf 81' lang='lat' dir='ltr'>uacat,</span> <span class='ocrx_word' id='word_1_102' title='bbox 647 994 722 1051; x_wconf 89' lang='lat' dir='ltr'>adire</span> <span class='ocrx_word' id='word_1_103' title='bbox 731 996 831 1067; x_wconf 88' lang='lat' dir='ltr'>poteris</span> <span class='ocrx_word' id='word_1_104' title='bbox 854 992 939 1068; x_wconf 78' lang='lat' dir='ltr'>(lips.</span> <span class='ocrx_word' id='word_1_105' title='bbox 993 1009 1072 1048; x_wconf 81' lang='lat' dir='ltr'>ornatu</span> <span class='ocrx_word' id='word_1_106' title='bbox 1083 991 1201 1051; x_wconf 79' lang='lat' dir='ltr'>illumne</span> <span class='ocrx_word' id='word_1_107' title='bbox 1215 992 1363 1049; x_wconf 83' lang='lat' dir='ltr'>bisductor</span> <span class='ocrx_word' id='word_1_108' title='bbox 1377 982 1469 1049; x_wconf 84' lang='lat' dir='ltr'>oos&#39;ter</span> <span class='ocrx_word' id='word_1_109' title='bbox 1483 992 1676 1065; x_wconf 73' lang='lat' dir='ltr'>significantius</span> <span class='ocrx_word' id='word_1_110' title='bbox 1688 1010 1795 1067; x_wconf 75' lang='lat' dir='ltr'>etpres-</span> 
     </span>
     <span class='ocr_line' id='line_1_9' title="bbox 143 1082 1794 1165; baseline -0.005 -16"><span class='ocrx_word' id='word_1_111' title='bbox 143 1094 188 1150; x_wconf 88' lang='lat' dir='ltr'>lii.</span> <span class='ocrx_word' id='word_1_112' title='bbox 208 1092 237 1161; x_wconf 79' lang='lat'>2,</span> <span class='ocrx_word' id='word_1_113' title='bbox 259 1092 292 1149; x_wconf 81' lang='lat' dir='ltr'>de</span> <span class='ocrx_word' id='word_1_114' title='bbox 312 1108 394 1159; x_wconf 79' lang='lat' dir='ltr'>crure,</span> <span class='ocrx_word' id='word_1_115' title='bbox 416 1108 475 1165; x_wconf 86' lang='lat' dir='ltr'>rap.</span> <span class='ocrx_word' id='word_1_116' title='bbox 500 1091 543 1159; x_wconf 79' lang='lat' dir='ltr'>ll,</span> <span class='ocrx_word' id='word_1_117' title='bbox 564 1108 626 1163; x_wconf 87' lang='lat' dir='ltr'>paq.</span> <span class='ocrx_word' id='word_1_118' title='bbox 640 1090 713 1157; x_wconf 71' lang='lat'>⁸663,</span> <span class='ocrx_word' id='word_1_119' title='bbox 728 1100 789 1145; x_wconf 88' lang='lat' dir='ltr'>totu.</span> <span class='ocrx_word' id='word_1_120' title='bbox 805 1088 846 1163; x_wconf 81' lang='grc'>5).</span> <span class='ocrx_word' id='word_1_121' title='bbox 994 1084 1028 1142; x_wconf 87' lang='lat' dir='ltr'>sit</span> <span class='ocrx_word' id='word_1_122' title='bbox 1048 1100 1101 1141; x_wconf 93' lang='lat' dir='ltr'>non</span> <span class='ocrx_word' id='word_1_123' title='bbox 1117 1100 1228 1156; x_wconf 85' lang='lat' dir='ltr'>parrum</span> <span class='ocrx_word' id='word_1_124' title='bbox 1244 1082 1328 1141; x_wconf 89' lang='lat' dir='ltr'>luisse</span> <span class='ocrx_word' id='word_1_125' title='bbox 1341 1085 1454 1141; x_wconf 90' lang='lat' dir='ltr'>militum</span> <span class='ocrx_word' id='word_1_126' title='bbox 1468 1100 1627 1151; x_wconf 89' lang='lat' dir='ltr'>ntttnerum,</span> <span class='ocrx_word' id='word_1_127' title='bbox 1645 1086 1690 1157; x_wconf 89' lang='lat' dir='ltr'>qni</span> <span class='ocrx_word' id='word_1_128' title='bbox 1703 1088 1794 1158; x_wconf 88' lang='lat' dir='ltr'>sepul-</span> 
     </span>
     <span class='ocr_line' id='line_1_10' title="bbox 142 1176 1793 1261; baseline -0.009 -12"><span class='ocrx_word' id='word_1_129' title='bbox 142 1197 146 1236; x_wconf 83' lang='grc'><strong>1</strong></span> <span class='ocrx_word' id='word_1_130' title='bbox 179 1185 504 1259; x_wconf 83' lang='lat' dir='ltr'>Prosequanturinterim.</span> <span class='ocrx_word' id='word_1_131' title='bbox 516 1194 554 1250; x_wconf 86' lang='lat' dir='ltr'>et,</span> <span class='ocrx_word' id='word_1_132' title='bbox 569 1183 677 1257; x_wconf 89' lang='lat' dir='ltr'>quidde</span> <span class='ocrx_word' id='word_1_133' title='bbox 689 1181 797 1239; x_wconf 84' lang='lat' dir='ltr'>Christo</span> <span class='ocrx_word' id='word_1_134' title='bbox 810 1182 943 1248; x_wconf 86' lang='lat' dir='ltr'>moriente</span> <span class='ocrx_word' id='word_1_135' title='bbox 993 1192 1071 1232; x_wconf 75' lang='lat' dir='ltr'>cram</span> <span class='ocrx_word' id='word_1_136' title='bbox 1081 1176 1181 1243; x_wconf 76' lang='lat' dir='ltr'>Christi</span> <span class='ocrx_word' id='word_1_137' title='bbox 1193 1176 1398 1249; x_wconf 72' lang='lat' dir='ltr'>diligentissime</span> <span class='ocrx_word' id='word_1_138' title='bbox 1410 1176 1616 1235; x_wconf 69' lang='lat' dir='ltr'>custodiebant?</span> <span class='ocrx_word' id='word_1_139' title='bbox 1627 1177 1680 1261; x_wconf 70' lang='lat' dir='ltr'>Spei</span> <span class='ocrx_word' id='word_1_140' title='bbox 1696 1189 1793 1235; x_wconf 84' lang='lat' dir='ltr'>catera</span> 
     </span>
     <span class='ocr_line' id='line_1_11' title="bbox 143 1275 1201 1349; baseline -0.008 -14"><span class='ocrx_word' id='word_1_141' title='bbox 143 1279 225 1337; x_wconf 88' lang='lat' dir='ltr'>addat</span> <span class='ocrx_word' id='word_1_142' title='bbox 243 1279 441 1347; x_wconf 82' lang='lat' dir='ltr'>Tertullianus,</span> <span class='ocrx_word' id='word_1_143' title='bbox 465 1278 624 1337; x_wconf 84' lang='lat' dir='ltr'>rideamus:</span> <span class='ocrx_word' id='word_1_144' title='bbox 642 1275 748 1347; x_wconf 78' lang='lat' dir='ltr'>eodem,</span> <span class='ocrx_word' id='word_1_145' title='bbox 768 1276 864 1349; x_wconf 86' lang='lat' dir='ltr'>inquit,</span> <span class='ocrx_word' id='word_1_146' title='bbox 887 1294 942 1333; x_wconf 85' lang='lat' dir='ltr'>uro·</span> <span class='ocrx_word' id='word_1_147' title='bbox 994 1284 1201 1346; x_wconf 84' lang='lat' dir='ltr'>prosequamur.</span> 
     </span>
     <span class='ocr_line' id='line_1_12' title="bbox 143 1368 1497 1443; baseline -0.004 -16"><span class='ocrx_word' id='word_1_148' title='bbox 143 1384 238 1442; x_wconf 80' lang='lat' dir='ltr'>triento,</span> <span class='ocrx_word' id='word_1_149' title='bbox 251 1388 304 1443; x_wconf 86' lang='lat' dir='ltr'>quo</span> <span class='ocrx_word' id='word_1_150' title='bbox 316 1373 434 1430; x_wconf 87' lang='lat' dir='ltr'>animam</span> <span class='ocrx_word' id='word_1_151' title='bbox 446 1370 552 1443; x_wconf 72' lang='lat' dir='ltr'>agebat,</span> <span class='ocrx_word' id='word_1_152' title='bbox 565 1370 629 1440; x_wconf 88' lang='lat' dir='ltr'>dies,</span> <span class='ocrx_word' id='word_1_153' title='bbox 643 1368 729 1425; x_wconf 83' lang='lat' dir='ltr'>miens</span> <span class='ocrx_word' id='word_1_154' title='bbox 747 1368 864 1441; x_wconf 86' lang='lat' dir='ltr'>riqaante</span> <span class='ocrx_word' id='word_1_155' title='bbox 876 1370 942 1440; x_wconf 87' lang='lat' dir='ltr'>sole,</span> <span class='ocrx_word' id='word_1_156' title='bbox 1294 1398 1441 1441; x_wconf 55' lang='lat' dir='ltr'>„memus</span> <span class='ocrx_word' id='word_1_157' title='bbox 1458 1399 1497 1441; x_wconf 61' lang='lat' dir='ltr'>qq,</span> 
     </span>
     <span class='ocr_line' id='line_1_13' title="bbox 142 1460 942 1543; baseline -0.005 -21"><span class='ocrx_word' id='word_1_158' title='bbox 142 1466 266 1529; x_wconf 76' lang='lat' dir='ltr'>subducta</span> <span class='ocrx_word' id='word_1_159' title='bbox 280 1476 327 1521; x_wconf 87' lang='lat' dir='ltr'>est.</span> <span class='ocrx_word' id='word_1_160' title='bbox 342 1464 488 1536; x_wconf 72' lang='lat' dir='ltr'>Deliquium</span> <span class='ocrx_word' id='word_1_161' title='bbox 504 1464 591 1543; x_wconf 85' lang='lat' dir='ltr'>utique</span> <span class='ocrx_word' id='word_1_162' title='bbox 603 1470 767 1535; x_wconf 87' lang='lat' dir='ltr'>putauerunt,</span> <span class='ocrx_word' id='word_1_163' title='bbox 780 1460 862 1532; x_wconf 83' lang='lat' dir='ltr'>quiid</span> <span class='ocrx_word' id='word_1_164' title='bbox 876 1476 942 1537; x_wconf 86' lang='lat' dir='ltr'>qua·</span> 
     </span>
     <span class='ocr_line' id='line_1_14' title="bbox 142 1552 942 1631; baseline -0.005 -18"><span class='ocrx_word' id='word_1_165' title='bbox 142 1575 191 1631; x_wconf 86' lang='lat' dir='ltr'>que</span> <span class='ocrx_word' id='word_1_166' title='bbox 205 1575 280 1629; x_wconf 86' lang='lat' dir='ltr'>super</span> <span class='ocrx_word' id='word_1_167' title='bbox 294 1555 395 1618; x_wconf 76' lang='lat' dir='ltr'>Citritto</span> <span class='ocrx_word' id='word_1_168' title='bbox 408 1555 575 1627; x_wconf 81' lang='lat' dir='ltr'>predicatum</span> <span class='ocrx_word' id='word_1_169' title='bbox 588 1571 639 1612; x_wconf 82' lang='lat' dir='ltr'>aaa</span> <span class='ocrx_word' id='word_1_170' title='bbox 653 1556 764 1631; x_wconf 76' lang='lat' dir='ltr'>scierunt</span> <span class='ocrx_word' id='word_1_171' title='bbox 777 1552 942 1627; x_wconf 78' lang='lat' dir='ltr'>(Tertullian.</span> 
     </span>
     <span class='ocr_line' id='line_1_15' title="bbox 143 1642 943 1727; baseline 0.001 -22"><span class='ocrx_word' id='word_1_172' title='bbox 143 1650 347 1727; x_wconf 79' lang='lat' dir='ltr'>Apoloqet.cnp.</span> <span class='ocrx_word' id='word_1_173' title='bbox 369 1648 415 1717; x_wconf 79' lang='lat' dir='ltr'>at,</span> <span class='ocrx_word' id='word_1_174' title='bbox 438 1647 590 1721; x_wconf 70' lang='lat' dir='ltr'>paqlbt).</span> <span class='ocrx_word' id='word_1_175' title='bbox 615 1647 649 1703; x_wconf 83' lang='lat' dir='ltr'>Et</span> <span class='ocrx_word' id='word_1_176' title='bbox 673 1642 733 1704; x_wconf 80' lang='lat' dir='ltr'>baec</span> <span class='ocrx_word' id='word_1_177' title='bbox 755 1648 943 1723; x_wconf 79' lang='lat' dir='ltr'>quidenr,·nee</span> 
     </span>
     <span class='ocr_line' id='line_1_16' title="bbox 143 1740 944 1815; baseline -0.001 -18"><span class='ocrx_word' id='word_1_178' title='bbox 143 1742 219 1815; x_wconf 89' lang='lat' dir='ltr'>plura</span> <span class='ocrx_word' id='word_1_179' title='bbox 246 1743 371 1814; x_wconf 77' lang='lat' dir='ltr'>leguntur</span> <span class='ocrx_word' id='word_1_180' title='bbox 398 1741 424 1796; x_wconf 92' lang='lat' dir='ltr'>in</span> <span class='ocrx_word' id='word_1_181' title='bbox 451 1740 576 1797; x_wconf 86' lang='lat' dir='ltr'>erunibus</span> <span class='ocrx_word' id='word_1_182' title='bbox 599 1740 755 1809; x_wconf 89' lang='lat' dir='ltr'>codicibus,</span> <span class='ocrx_word' id='word_1_183' title='bbox 778 1756 839 1800; x_wconf 87' lang='lat' dir='ltr'>cunt</span> <span class='ocrx_word' id='word_1_184' title='bbox 865 1741 944 1804; x_wconf 86' lang='lat' dir='ltr'>editis</span> 
     </span>
     <span class='ocr_line' id='line_1_17' title="bbox 144 1831 893 1905; baseline -0.004 -14"><span class='ocrx_word' id='word_1_185' title='bbox 144 1833 356 1905; x_wconf 76' lang='lat' dir='ltr'>antiquioribus,</span> <span class='ocrx_word' id='word_1_186' title='bbox 373 1842 427 1889; x_wconf 89' lang='lat' dir='ltr'>turn</span> <span class='ocrx_word' id='word_1_187' title='bbox 451 1850 531 1889; x_wconf 87' lang='lat' dir='ltr'>nsanu</span> <span class='ocrx_word' id='word_1_188' title='bbox 554 1831 674 1905; x_wconf 84' lang='lat' dir='ltr'>qitalibet</span> <span class='ocrx_word' id='word_1_189' title='bbox 694 1832 822 1894; x_wconf 82' lang='lat' dir='ltr'>exaratis.</span> <span class='ocrx_word' id='word_1_190' title='bbox 838 1832 893 1899; x_wconf 83' lang='lat' dir='ltr'>Sed</span> 
     </span>
     <span class='ocr_line' id='line_1_18' title="bbox 143 1923 944 1997; baseline -0.004 -13"><span class='ocrx_word' id='word_1_191' title='bbox 143 1926 261 1984; x_wconf 89' lang='lat' dir='ltr'>editione</span> <span class='ocrx_word' id='word_1_192' title='bbox 278 1939 326 1982; x_wconf 86' lang='lat' dir='ltr'>sun</span> <span class='ocrx_word' id='word_1_193' title='bbox 349 1924 408 1980; x_wconf 80' lang='lat' dir='ltr'>baec</span> <span class='ocrx_word' id='word_1_194' title='bbox 431 1924 530 1997; x_wconf 80' lang='lat' dir='ltr'>adjecit</span> <span class='ocrx_word' id='word_1_195' title='bbox 548 1923 681 1997; x_wconf 79' lang='lat' dir='ltr'>Rigaltius</span> <span class='ocrx_word' id='word_1_196' title='bbox 698 1944 704 1979; x_wconf 77' lang='grc' dir='ltr'>ε</span> <span class='ocrx_word' id='word_1_197' title='bbox 720 1927 819 1981; x_wconf 88' lang='lat' dir='ltr'>ratione</span> <span class='ocrx_word' id='word_1_198' title='bbox 831 1943 882 1981; x_wconf 87' lang='lat' dir='ltr'>nort</span> <span class='ocrx_word' id='word_1_199' title='bbox 898 1926 944 1989; x_wconf 80' lang='lat' dir='ltr'>tle-</span> 
     </span>
     <span class='ocr_line' id='line_1_19' title="bbox 144 2018 944 2093; baseline 0.008 -20"><span class='ocrx_word' id='word_1_200' title='bbox 144 2018 280 2093; x_wconf 88' lang='lat' dir='ltr'>prebeusa,</span> <span class='ocrx_word' id='word_1_201' title='bbox 293 2029 455 2091; x_wconf 85' lang='lat' dir='ltr'>nequaerrmt.</span> <span class='ocrx_word' id='word_1_202' title='bbox 476 2019 562 2092; x_wconf 86' lang='lat' dir='ltr'>dtque</span> <span class='ocrx_word' id='word_1_203' title='bbox 576 2019 611 2074; x_wconf 90' lang='lat' dir='ltr'>ita</span> <span class='ocrx_word' id='word_1_204' title='bbox 632 2019 678 2074; x_wconf 84' lang='lat' dir='ltr'>ille</span> <span class='ocrx_word' id='word_1_205' title='bbox 691 2020 773 2077; x_wconf 81' lang='lat' dir='ltr'>testari</span> <span class='ocrx_word' id='word_1_206' title='bbox 786 2020 944 2084; x_wconf 79' lang='lat' dir='ltr'>Tertulliani</span> 
     </span>
     <span class='ocr_line' id='line_1_20' title="bbox 144 2099 1796 2188; baseline 0.002 -21"><span class='ocrx_word' id='word_1_207' title='bbox 144 2112 205 2167; x_wconf 79' lang='lat' dir='ltr'>baec</span> <span class='ocrx_word' id='word_1_208' title='bbox 216 2110 337 2178; x_wconf 80' lang='lat' dir='ltr'>addidit,</span> <span class='ocrx_word' id='word_1_209' title='bbox 351 2109 429 2165; x_wconf 89' lang='lat' dir='ltr'>sicuti</span> <span class='ocrx_word' id='word_1_210' title='bbox 443 2125 498 2165; x_wconf 85' lang='lat' dir='ltr'>aton</span> <span class='ocrx_word' id='word_1_211' title='bbox 518 2127 603 2188; x_wconf 82' lang='lat' dir='ltr'>panca</span> <span class='ocrx_word' id='word_1_212' title='bbox 619 2112 739 2183; x_wconf 89' lang='lat' dir='ltr'>pluribus</span> <span class='ocrx_word' id='word_1_213' title='bbox 754 2112 815 2169; x_wconf 92' lang='lat' dir='ltr'>aliis</span> <span class='ocrx_word' id='word_1_214' title='bbox 829 2112 857 2170; x_wconf 91' lang='lat' dir='ltr'>in</span> <span class='ocrx_word' id='word_1_215' title='bbox 878 2113 945 2172; x_wconf 87' lang='lat' dir='ltr'>locis</span> <span class='ocrx_word' id='word_1_216' title='bbox 1033 2099 1323 2173; x_wconf 67' lang='lat' dir='ltr'>Pifdli&#39;sflllullllssust</span> <span class='ocrx_word' id='word_1_217' title='bbox 1336 2101 1518 2173; x_wconf 66' lang='grc'><strong>161110111111111</strong></span> <span class='ocrx_word' id='word_1_218' title='bbox 1528 2116 1577 2159; x_wconf 70' lang='grc'><strong>11118</strong></span> <span class='ocrx_word' id='word_1_219' title='bbox 1588 2101 1651 2159; x_wconf 88' lang='lat' dir='ltr'>lacit</span> <span class='ocrx_word' id='word_1_220' title='bbox 1660 2099 1796 2159; x_wconf 69' lang='lat' dir='ltr'>Cllllsfflssl</span> 
     </span>
     <span class='ocr_line' id='line_1_21' title="bbox 145 2190 1795 2277; baseline 0.002 -16"><span class='ocrx_word' id='word_1_221' title='bbox 145 2221 179 2261; x_wconf 84' lang='lat' dir='ltr'>er</span> <span class='ocrx_word' id='word_1_222' title='bbox 194 2218 227 2261; x_wconf 93' lang='lat' dir='ltr'>co</span> <span class='ocrx_word' id='word_1_223' title='bbox 241 2201 399 2265; x_wconf 85' lang='lat' dir='ltr'>abstulerat.</span> <span class='ocrx_word' id='word_1_224' title='bbox 411 2200 490 2263; x_wconf 84' lang='lat' dir='ltr'>ibide</span> <span class='ocrx_word' id='word_1_225' title='bbox 509 2214 598 2259; x_wconf 89' lang='lat' dir='ltr'>autern</span> <span class='ocrx_word' id='word_1_226' title='bbox 617 2202 661 2259; x_wconf 91' lang='lat' dir='ltr'>illa</span> <span class='ocrx_word' id='word_1_227' title='bbox 675 2202 855 2277; x_wconf 68' lang='lat' dir='ltr'>desumpserit</span> <span class='ocrx_word' id='word_1_228' title='bbox 868 2206 946 2266; x_wconf 87' lang='lat' dir='ltr'>nobis</span> <span class='ocrx_word' id='word_1_229' title='bbox 996 2190 1154 2265; x_wconf 75' lang='lat' dir='ltr'>praedixisse</span> <span class='ocrx_word' id='word_1_230' title='bbox 1174 2191 1232 2248; x_wconf 66' lang='grc'><strong>11111</strong></span> <span class='ocrx_word' id='word_1_231' title='bbox 1253 2202 1283 2248; x_wconf 86' lang='grc'>111</span> <span class='ocrx_word' id='word_1_232' title='bbox 1296 2194 1374 2248; x_wconf 89' lang='lat' dir='ltr'>tertia</span> <span class='ocrx_word' id='word_1_233' title='bbox 1389 2196 1450 2265; x_wconf 71' lang='lat' dir='ltr'>1³0⁵&#39;l</span> <span class='ocrx_word' id='word_1_234' title='bbox 1469 2205 1583 2251; x_wconf 88' lang='lat' dir='ltr'>mortem</span> <span class='ocrx_word' id='word_1_235' title='bbox 1605 2195 1742 2254; x_wconf 72' lang='grc'><strong>5111111116</strong></span> <span class='ocrx_word' id='word_1_236' title='bbox 1761 2193 1795 2254; x_wconf 88' lang='lat' dir='ltr'>ud</span> 
     </span>
     <span class='ocr_line' id='line_1_22' title="bbox 145 2282 1795 2369; baseline 0 -16"><span class='ocrx_word' id='word_1_237' title='bbox 145 2311 196 2353; x_wconf 88' lang='lat' dir='ltr'>nec</span> <span class='ocrx_word' id='word_1_238' title='bbox 209 2296 254 2352; x_wconf 89' lang='lat' dir='ltr'>ille</span> <span class='ocrx_word' id='word_1_239' title='bbox 268 2293 378 2363; x_wconf 90' lang='lat' dir='ltr'>indicat,</span> <span class='ocrx_word' id='word_1_240' title='bbox 393 2309 445 2350; x_wconf 89' lang='lat' dir='ltr'>nce</span> <span class='ocrx_word' id='word_1_241' title='bbox 456 2295 578 2351; x_wconf 86' lang='lat' dir='ltr'>‹lirinnre</span> <span class='ocrx_word' id='word_1_242' title='bbox 593 2296 684 2368; x_wconf 85' lang='lat' dir='ltr'>utique</span> <span class='ocrx_word' id='word_1_243' title='bbox 702 2311 854 2369; x_wconf 87' lang='lat' dir='ltr'>possumus.</span> <span class='ocrx_word' id='word_1_244' title='bbox 872 2300 945 2357; x_wconf 83' lang='lat' dir='ltr'>[luo-</span> <span class='ocrx_word' id='word_1_245' title='bbox 996 2284 1078 2339; x_wconf 69' lang='lat' dir='ltr'>lilim</span> <span class='ocrx_word' id='word_1_246' title='bbox 1089 2292 1262 2341; x_wconf 84' lang='lat' dir='ltr'>reuocaretur</span> <span class='ocrx_word' id='word_1_247' title='bbox 1275 2282 1439 2358; x_wconf 84' lang='lat' dir='ltr'>(Tertulliau.</span> <span class='ocrx_word' id='word_1_248' title='bbox 1454 2284 1586 2359; x_wconf 84' lang='lat' dir='ltr'>dpoloqet.</span> <span class='ocrx_word' id='word_1_249' title='bbox 1604 2302 1661 2359; x_wconf 88' lang='lat' dir='ltr'>cap.</span> <span class='ocrx_word' id='word_1_250' title='bbox 1676 2284 1720 2353; x_wconf 64' lang='lat'>2¹,</span> <span class='ocrx_word' id='word_1_251' title='bbox 1734 2303 1795 2359; x_wconf 69' lang='lat' dir='ltr'>aad·</span> 
     </span>
     <span class='ocr_line' id='line_1_23' title="bbox 145 2378 1796 2463; baseline -0.002 -20"><span class='ocrx_word' id='word_1_252' title='bbox 145 2387 196 2443; x_wconf 92' lang='lat' dir='ltr'>bus</span> <span class='ocrx_word' id='word_1_253' title='bbox 208 2397 298 2443; x_wconf 91' lang='lat' dir='ltr'>autem</span> <span class='ocrx_word' id='word_1_254' title='bbox 310 2401 375 2443; x_wconf 91' lang='lat' dir='ltr'>usus</span> <span class='ocrx_word' id='word_1_255' title='bbox 386 2396 426 2443; x_wconf 87' lang='lat' dir='ltr'>est</span> <span class='ocrx_word' id='word_1_256' title='bbox 439 2388 628 2459; x_wconf 81' lang='lat' dir='ltr'>manuscriptis</span> <span class='ocrx_word' id='word_1_257' title='bbox 638 2388 787 2458; x_wconf 84' lang='lat' dir='ltr'>bujuslibri</span> <span class='ocrx_word' id='word_1_258' title='bbox 797 2390 944 2463; x_wconf 75' lang='lat' dir='ltr'>codicibus,</span> <span class='ocrx_word' id='word_1_259' title='bbox 995 2378 1071 2453; x_wconf 83' lang='lat' dir='ltr'>tut).</span> <span class='ocrx_word' id='word_1_260' title='bbox 1082 2378 1165 2443; x_wconf 67' lang='lat' dir='ltr'>lisele</span> <span class='ocrx_word' id='word_1_261' title='bbox 1176 2380 1294 2453; x_wconf 78' lang='lat' dir='ltr'>quidem,</span> <span class='ocrx_word' id='word_1_262' title='bbox 1309 2379 1534 2459; x_wconf 77' lang='lat' dir='ltr'>quatttadttttttltttn</span> <span class='ocrx_word' id='word_1_263' title='bbox 1548 2397 1564 2436; x_wconf 87' lang='lat' dir='ltr'>a</span> <span class='ocrx_word' id='word_1_264' title='bbox 1576 2382 1653 2438; x_wconf 87' lang='lat' dir='ltr'>nobis</span> <span class='ocrx_word' id='word_1_265' title='bbox 1671 2380 1734 2437; x_wconf 89' lang='lat' dir='ltr'>alibi</span> <span class='ocrx_word' id='word_1_266' title='bbox 1748 2397 1796 2437; x_wconf 87' lang='lat' dir='ltr'>et·</span> 
     </span>
     <span class='ocr_line' id='line_1_24' title="bbox 144 2472 1797 2562; baseline -0.004 -23"><span class='ocrx_word' id='word_1_267' title='bbox 144 2474 265 2539; x_wconf 82' lang='lat' dir='ltr'>Puteano</span> <span class='ocrx_word' id='word_1_268' title='bbox 277 2493 305 2539; x_wconf 86' lang='lat' dir='ltr'>et</span> <span class='ocrx_word' id='word_1_269' title='bbox 317 2482 469 2547; x_wconf 84' lang='lat' dir='ltr'>Pitboeano,</span> <span class='ocrx_word' id='word_1_270' title='bbox 482 2499 514 2540; x_wconf 91' lang='lat' dir='ltr'>ac</span> <span class='ocrx_word' id='word_1_271' title='bbox 529 2484 610 2540; x_wconf 65' lang='lat' dir='ltr'>uariis</span> <span class='ocrx_word' id='word_1_272' title='bbox 621 2483 763 2541; x_wconf 84' lang='lat' dir='ltr'>Fuidensis</span> <span class='ocrx_word' id='word_1_273' title='bbox 775 2485 944 2546; x_wconf 87' lang='lat' dir='ltr'>lectionibus.</span> <span class='ocrx_word' id='word_1_274' title='bbox 996 2474 1124 2562; x_wconf 70' lang='lat' dir='ltr'>Plifflltiiit</span> <span class='ocrx_word' id='word_1_275' title='bbox 1137 2484 1178 2529; x_wconf 71' lang='lat'>⁰⁵²</span> <span class='ocrx_word' id='word_1_276' title='bbox 1193 2472 1314 2549; x_wconf 76' lang='lat' dir='ltr'>(dissert.</span> <span class='ocrx_word' id='word_1_277' title='bbox 1328 2474 1355 2528; x_wconf 79' lang='lat' dir='ltr'>i&#39;a</span> <span class='ocrx_word' id='word_1_278' title='bbox 1368 2472 1488 2531; x_wconf 82' lang='lat' dir='ltr'>Laetam.</span> <span class='ocrx_word' id='word_1_279' title='bbox 1504 2490 1561 2547; x_wconf 79' lang='lat' dir='ltr'>cap.</span> <span class='ocrx_word' id='word_1_280' title='bbox 1576 2474 1604 2543; x_wconf 87' lang='lat'>8,</span> <span class='ocrx_word' id='word_1_281' title='bbox 1618 2485 1667 2533; x_wconf 84' lang='lat' dir='ltr'>ort.</span> <span class='ocrx_word' id='word_1_282' title='bbox 1681 2474 1720 2547; x_wconf 72' lang='lat' dir='ltr'>T).</span> <span class='ocrx_word' id='word_1_283' title='bbox 1734 2474 1797 2531; x_wconf 87' lang='lat' dir='ltr'>Suis</span> 
     </span>
     <span class='ocr_line' id='line_1_25' title="bbox 144 2566 1796 2652; baseline -0.005 -20"><span class='ocrx_word' id='word_1_284' title='bbox 144 2574 293 2632; x_wconf 87' lang='lat' dir='ltr'>Puteanum</span> <span class='ocrx_word' id='word_1_285' title='bbox 318 2587 409 2631; x_wconf 89' lang='lat' dir='ltr'>autent</span> <span class='ocrx_word' id='word_1_286' title='bbox 434 2576 592 2649; x_wconf 84' lang='lat' dir='ltr'>urttiquitate</span> <span class='ocrx_word' id='word_1_287' title='bbox 613 2592 662 2633; x_wconf 91' lang='lat' dir='ltr'>sua</span> <span class='ocrx_word' id='word_1_288' title='bbox 686 2578 895 2652; x_wconf 75' lang='lat' dir='ltr'>setetarndmn,</span> <span class='ocrx_word' id='word_1_289' title='bbox 918 2590 947 2639; x_wconf 70' lang='lat' dir='ltr'>er</span> <span class='ocrx_word' id='word_1_290' title='bbox 996 2580 1086 2627; x_wconf 88' lang='lat' dir='ltr'>autem</span> <span class='ocrx_word' id='word_1_291' title='bbox 1099 2567 1222 2626; x_wconf 77' lang='lat' dir='ltr'>cbristus</span> <span class='ocrx_word' id='word_1_292' title='bbox 1231 2570 1305 2633; x_wconf 86' lang='lat' dir='ltr'>stetit</span> <span class='ocrx_word' id='word_1_293' title='bbox 1320 2566 1471 2641; x_wconf 80' lang='lat' dir='ltr'>prontissis,</span> <span class='ocrx_word' id='word_1_294' title='bbox 1483 2578 1510 2623; x_wconf 90' lang='lat' dir='ltr'>et</span> <span class='ocrx_word' id='word_1_295' title='bbox 1520 2567 1600 2624; x_wconf 90' lang='lat' dir='ltr'>rediit</span> <span class='ocrx_word' id='word_1_296' title='bbox 1611 2566 1644 2623; x_wconf 90' lang='lat' dir='ltr'>ad</span> <span class='ocrx_word' id='word_1_297' title='bbox 1658 2568 1749 2623; x_wconf 85' lang='lat' dir='ltr'>sitam.</span> <span class='ocrx_word' id='word_1_298' title='bbox 1761 2568 1796 2627; x_wconf 82' lang='lat' dir='ltr'>bt</span> 
     </span>
     <span class='ocr_line' id='line_1_26' title="bbox 144 2660 1797 2745; baseline -0.004 -21"><span class='ocrx_word' id='word_1_299' title='bbox 144 2668 315 2733; x_wconf 80' lang='lat' dir='ltr'>Pitboeanuna</span> <span class='ocrx_word' id='word_1_300' title='bbox 330 2683 384 2741; x_wconf 82' lang='lat' dir='ltr'>prae</span> <span class='ocrx_word' id='word_1_301' title='bbox 400 2668 521 2727; x_wconf 85' lang='lat' dir='ltr'>titanibus</span> <span class='ocrx_word' id='word_1_302' title='bbox 540 2669 682 2736; x_wconf 82' lang='lat' dir='ltr'>trabernas,</span> <span class='ocrx_word' id='word_1_303' title='bbox 699 2671 725 2725; x_wconf 89' lang='lat' dir='ltr'>in</span> <span class='ocrx_word' id='word_1_304' title='bbox 738 2671 834 2741; x_wconf 76' lang='lat' dir='ltr'>quibus</span> <span class='ocrx_word' id='word_1_305' title='bbox 847 2687 945 2745; x_wconf 68' lang='lat' dir='ltr'>supas·-</span> <span class='ocrx_word' id='word_1_306' title='bbox 995 2678 1131 2744; x_wconf 86' lang='lat' dir='ltr'>postquam</span> <span class='ocrx_word' id='word_1_307' title='bbox 1149 2664 1186 2718; x_wconf 90' lang='lat' dir='ltr'>ito</span> <span class='ocrx_word' id='word_1_308' title='bbox 1210 2664 1404 2730; x_wconf 78' lang='lat' dir='ltr'>aestimerisaet,</span> <span class='ocrx_word' id='word_1_309' title='bbox 1420 2660 1541 2733; x_wconf 83' lang='lat' dir='ltr'>ejusdem</span> <span class='ocrx_word' id='word_1_310' title='bbox 1566 2660 1683 2720; x_wconf 88' lang='lat' dir='ltr'>auctoris</span> <span class='ocrx_word' id='word_1_311' title='bbox 1712 2660 1797 2717; x_wconf 15' lang='lat' dir='ltr'>numni</span> 
     </span>
     <span class='ocr_line' id='line_1_27' title="bbox 144 2756 1796 2842; baseline -0.005 -27"><span class='ocrx_word' id='word_1_312' title='bbox 144 2761 235 2822; x_wconf 90' lang='lat' dir='ltr'>addita</span> <span class='ocrx_word' id='word_1_313' title='bbox 258 2761 302 2816; x_wconf 88' lang='lat' dir='ltr'>ilia</span> <span class='ocrx_word' id='word_1_314' title='bbox 318 2761 398 2817; x_wconf 87' lang='lat' dir='ltr'>rerba</span> <span class='ocrx_word' id='word_1_315' title='bbox 414 2778 465 2818; x_wconf 91' lang='lat' dir='ltr'>uon</span> <span class='ocrx_word' id='word_1_316' title='bbox 482 2773 635 2820; x_wconf 88' lang='lat' dir='ltr'>occurrunt.</span> <span class='ocrx_word' id='word_1_317' title='bbox 654 2763 755 2821; x_wconf 85' lang='lat' dir='ltr'>Notare</span> <span class='ocrx_word' id='word_1_318' title='bbox 766 2765 845 2842; x_wconf 73' lang='lat' dir='ltr'>igitur</span> <span class='ocrx_word' id='word_1_319' title='bbox 857 2766 946 2842; x_wconf 77' lang='lat' dir='ltr'>[liqut.</span> <span class='ocrx_word' id='word_1_320' title='bbox 996 2758 1078 2815; x_wconf 84' lang='lat' dir='ltr'>rerba</span> <span class='ocrx_word' id='word_1_321' title='bbox 1092 2766 1154 2813; x_wconf 92' lang='lat' dir='ltr'>suut</span> <span class='ocrx_word' id='word_1_322' title='bbox 1168 2775 1175 2813; x_wconf 74' lang='grc' dir='ltr'><strong><em>ε</em></strong></span> <span class='ocrx_word' id='word_1_323' title='bbox 1193 2756 1259 2812; x_wconf 83' lang='lat' dir='ltr'>nibil</span> <span class='ocrx_word' id='word_1_324' title='bbox 1272 2756 1297 2809; x_wconf 87' lang='lat' dir='ltr'>iu</span> <span class='ocrx_word' id='word_1_325' title='bbox 1311 2756 1428 2827; x_wconf 84' lang='lat' dir='ltr'>scpulcra</span> <span class='ocrx_word' id='word_1_326' title='bbox 1440 2766 1568 2825; x_wconf 84' lang='lat' dir='ltr'>reperiunt</span> <span class='ocrx_word' id='word_1_327' title='bbox 1579 2763 1615 2809; x_wconf 87' lang='lat' dir='ltr'>est</span> <span class='ocrx_word' id='word_1_328' title='bbox 1627 2764 1796 2827; x_wconf 74' lang='lat' dir='ltr'>preterquam</span> 
     </span>
     <span class='ocr_line' id='line_1_28' title="bbox 146 2846 1797 2928; baseline -0.004 -19"><span class='ocrx_word' id='word_1_329' title='bbox 146 2856 198 2909; x_wconf 89' lang='lat' dir='ltr'>tius</span> <span class='ocrx_word' id='word_1_330' title='bbox 211 2852 326 2914; x_wconf 85' lang='lat' dir='ltr'>debebat</span> <span class='ocrx_word' id='word_1_331' title='bbox 346 2863 433 2912; x_wconf 88' lang='lat' dir='ltr'>trtrunt</span> <span class='ocrx_word' id='word_1_332' title='bbox 454 2855 524 2914; x_wconf 87' lang='lat' dir='ltr'>inter</span> <span class='ocrx_word' id='word_1_333' title='bbox 542 2856 678 2912; x_wconf 79' lang='lat' dir='ltr'>uariantes</span> <span class='ocrx_word' id='word_1_334' title='bbox 693 2856 835 2915; x_wconf 82' lang='lat' dir='ltr'>Fnidensis</span> <span class='ocrx_word' id='word_1_335' title='bbox 853 2874 946 2928; x_wconf 76' lang='lat' dir='ltr'>ereru-</span> <span class='ocrx_word' id='word_1_336' title='bbox 995 2851 1093 2910; x_wconf 81' lang='lat' dir='ltr'>extruite</span> <span class='ocrx_word' id='word_1_337' title='bbox 1106 2848 1217 2925; x_wconf 82' lang='lat' dir='ltr'>sepulcri</span> <span class='ocrx_word' id='word_1_338' title='bbox 1232 2846 1338 2921; x_wconf 78' lang='lat' dir='ltr'>(leid).</span> <span class='ocrx_word' id='word_1_339' title='bbox 1362 2847 1391 2903; x_wconf 91' lang='lat' dir='ltr'>ln</span> <span class='ocrx_word' id='word_1_340' title='bbox 1413 2846 1550 2904; x_wconf 89' lang='lat' dir='ltr'>codicibus</span> <span class='ocrx_word' id='word_1_341' title='bbox 1571 2848 1672 2904; x_wconf 87' lang='lat' dir='ltr'>nostris</span> <span class='ocrx_word' id='word_1_342' title='bbox 1691 2857 1718 2903; x_wconf 92' lang='lat' dir='ltr'>et</span> <span class='ocrx_word' id='word_1_343' title='bbox 1737 2846 1797 2903; x_wconf 89' lang='lat' dir='ltr'>aliis</span> 
     </span>
     <span class='ocr_line' id='line_1_29' title="bbox 145 2938 1796 3024; baseline -0.003 -23"><span class='ocrx_word' id='word_1_344' title='bbox 145 2947 228 3019; x_wconf 88' lang='lat' dir='ltr'>pluris</span> <span class='ocrx_word' id='word_1_345' title='bbox 254 2947 383 3006; x_wconf 90' lang='lat' dir='ltr'>lectiones</span> <span class='ocrx_word' id='word_1_346' title='bbox 408 2948 592 3022; x_wconf 88' lang='lat' dir='ltr'>reperiantur,</span> <span class='ocrx_word' id='word_1_347' title='bbox 621 2957 649 3004; x_wconf 89' lang='lat' dir='ltr'>et</span> <span class='ocrx_word' id='word_1_348' title='bbox 676 2964 725 3004; x_wconf 88' lang='lat' dir='ltr'>cur</span> <span class='ocrx_word' id='word_1_349' title='bbox 750 2948 830 3024; x_wconf 78' lang='lat' dir='ltr'>bajus</span> <span class='ocrx_word' id='word_1_350' title='bbox 859 2951 945 3012; x_wconf 84' lang='lat' dir='ltr'>solius</span> <span class='ocrx_word' id='word_1_351' title='bbox 996 2942 1171 3011; x_wconf 88' lang='lat' dir='ltr'>editionibus,</span> <span class='ocrx_word' id='word_1_352' title='bbox 1184 2942 1297 3013; x_wconf 85' lang='lat' dir='ltr'>sepulti,·</span> <span class='ocrx_word' id='word_1_353' title='bbox 1317 2951 1345 2997; x_wconf 88' lang='lat' dir='ltr'>et</span> <span class='ocrx_word' id='word_1_354' title='bbox 1363 2939 1459 3019; x_wconf 81' lang='lat' dir='ltr'>arelius</span> <span class='ocrx_word' id='word_1_355' title='bbox 1474 2938 1593 3015; x_wconf 86' lang='lat' dir='ltr'>quidem.</span> <span class='ocrx_word' id='word_1_356' title='bbox 1607 2940 1673 2997; x_wconf 88' lang='lat' dir='ltr'>Nam</span> <span class='ocrx_word' id='word_1_357' title='bbox 1693 2940 1796 2997; x_wconf 72' lang='lat' dir='ltr'>cauriae</span> 
     </span>
     <span class='ocr_line' id='line_1_30' title="bbox 145 3026 1794 3115; baseline -0.005 -20"><span class='ocrx_word' id='word_1_358' title='bbox 145 3042 330 3101; x_wconf 90' lang='lat' dir='ltr'>attctnritatem</span> <span class='ocrx_word' id='word_1_359' title='bbox 345 3042 451 3099; x_wconf 79' lang='lat' dir='ltr'>ceteris</span> <span class='ocrx_word' id='word_1_360' title='bbox 464 3041 592 3098; x_wconf 84' lang='lat' dir='ltr'>ontmtms</span> <span class='ocrx_word' id='word_1_361' title='bbox 605 3042 763 3115; x_wconf 86' lang='lat' dir='ltr'>praetulerit.</span> <span class='ocrx_word' id='word_1_362' title='bbox 992 3026 1121 3094; x_wconf 89' lang='lat' dir='ltr'>dicuntur</span> <span class='ocrx_word' id='word_1_363' title='bbox 1129 3035 1260 3106; x_wconf 88' lang='lat' dir='ltr'>imprimis</span> <span class='ocrx_word' id='word_1_364' title='bbox 1273 3033 1423 3101; x_wconf 89' lang='lat' dir='ltr'>bominum,</span> <span class='ocrx_word' id='word_1_365' title='bbox 1441 3040 1468 3089; x_wconf 91' lang='lat' dir='ltr'>ct</span> <span class='ocrx_word' id='word_1_366' title='bbox 1481 3032 1624 3105; x_wconf 85' lang='lat' dir='ltr'>aliquando</span> <span class='ocrx_word' id='word_1_367' title='bbox 1636 3032 1794 3089; x_wconf 88' lang='lat' dir='ltr'>bestiarum.</span> 
     </span>
    </p>

    <p class='ocr_par' dir='ltr' id='par_1_3' title="bbox 142 3125 1797 4797">
     <span class='ocr_line' id='line_1_31' title="bbox 181 3125 1797 3209; baseline -0.006 -19"><span class='ocrx_word' id='word_1_368' title='bbox 181 3132 219 3198; x_wconf 85' lang='lat' dir='ltr'>Ile</span> <span class='ocrx_word' id='word_1_369' title='bbox 239 3146 386 3190; x_wconf 89' lang='lat' dir='ltr'>ntenmrata</span> <span class='ocrx_word' id='word_1_370' title='bbox 405 3134 533 3205; x_wconf 84' lang='lat' dir='ltr'>deinceps</span> <span class='ocrx_word' id='word_1_371' title='bbox 554 3150 570 3188; x_wconf 90' lang='lat' dir='ltr'>a</span> <span class='ocrx_word' id='word_1_372' title='bbox 591 3133 758 3189; x_wconf 82' lang='lat' dir='ltr'>Tertulliano</span> <span class='ocrx_word' id='word_1_373' title='bbox 785 3135 851 3192; x_wconf 90' lang='lat' dir='ltr'>solis</span> <span class='ocrx_word' id='word_1_374' title='bbox 870 3135 945 3193; x_wconf 90' lang='lat' dir='ltr'>dele·</span> <span class='ocrx_word' id='word_1_375' title='bbox 996 3131 1178 3209; x_wconf 77' lang='lat' dir='ltr'>Quamobrem</span> <span class='ocrx_word' id='word_1_376' title='bbox 1203 3128 1357 3185; x_wconf 84' lang='lat' dir='ltr'>Lactantius</span> <span class='ocrx_word' id='word_1_377' title='bbox 1374 3145 1380 3181; x_wconf 91' lang='lat'>:</span> <span class='ocrx_word' id='word_1_378' title='bbox 1395 3126 1430 3183; x_wconf 85' lang='lat' dir='ltr'>la</span> <span class='ocrx_word' id='word_1_379' title='bbox 1455 3127 1583 3199; x_wconf 86' lang='lat' dir='ltr'>sepulcro,</span> <span class='ocrx_word' id='word_1_380' title='bbox 1610 3128 1705 3199; x_wconf 86' lang='lat' dir='ltr'>inquit,</span> <span class='ocrx_word' id='word_1_381' title='bbox 1732 3125 1797 3183; x_wconf 88' lang='lat' dir='ltr'>nibil</span> 
     </span>
     <span class='ocr_line' id='line_1_32' title="bbox 144 3218 1797 3305; baseline -0.006 -19"><span class='ocrx_word' id='word_1_382' title='bbox 144 3229 243 3297; x_wconf 88' lang='lat' dir='ltr'>ctione,</span> <span class='ocrx_word' id='word_1_383' title='bbox 253 3230 365 3305; x_wconf 87' lang='lat' dir='ltr'>ejusque</span> <span class='ocrx_word' id='word_1_384' title='bbox 374 3229 550 3305; x_wconf 81' lang='lat' dir='ltr'>praedictione</span> <span class='ocrx_word' id='word_1_385' title='bbox 560 3229 623 3293; x_wconf 86' lang='lat' dir='ltr'>alibi</span> <span class='ocrx_word' id='word_1_386' title='bbox 636 3228 811 3285; x_wconf 84' lang='lat' dir='ltr'>disseruimus</span> <span class='ocrx_word' id='word_1_387' title='bbox 823 3228 943 3301; x_wconf 75' lang='lat' dir='ltr'>(dissert.</span> <span class='ocrx_word' id='word_1_388' title='bbox 956 3235 981 3302; x_wconf 71' lang='lat' dir='ltr'>s,</span> <span class='ocrx_word' id='word_1_389' title='bbox 997 3232 1124 3297; x_wconf 87' lang='lat' dir='ltr'>repertum</span> <span class='ocrx_word' id='word_1_390' title='bbox 1137 3231 1184 3291; x_wconf 89' lang='lat' dir='ltr'>est,</span> <span class='ocrx_word' id='word_1_391' title='bbox 1199 3222 1248 3277; x_wconf 86' lang='lat' dir='ltr'>uisi</span> <span class='ocrx_word' id='word_1_392' title='bbox 1259 3222 1367 3287; x_wconf 76' lang='lat' dir='ltr'>exuuiae,</span> <span class='ocrx_word' id='word_1_393' title='bbox 1379 3218 1469 3291; x_wconf 85' lang='lat' dir='ltr'>quibus</span> <span class='ocrx_word' id='word_1_394' title='bbox 1479 3220 1640 3275; x_wconf 87' lang='lat' dir='ltr'>consolatum</span> <span class='ocrx_word' id='word_1_395' title='bbox 1652 3235 1743 3291; x_wconf 79' lang='lat' dir='ltr'>cotpus</span> <span class='ocrx_word' id='word_1_396' title='bbox 1755 3219 1797 3277; x_wconf 89' lang='lat' dir='ltr'>itt·</span> 
     </span>
     <span class='ocr_line' id='line_1_33' title="bbox 145 3312 1794 3398; baseline -0.001 -23"><span class='ocrx_word' id='word_1_397' title='bbox 145 3322 172 3376; x_wconf 83' lang='lat' dir='ltr'>iu</span> <span class='ocrx_word' id='word_1_398' title='bbox 183 3320 301 3377; x_wconf 78' lang='lat' dir='ltr'>Lacrima.</span> <span class='ocrx_word' id='word_1_399' title='bbox 316 3338 373 3398; x_wconf 87' lang='lat' dir='ltr'>cap.</span> <span class='ocrx_word' id='word_1_400' title='bbox 387 3322 414 3391; x_wconf 83' lang='lat'>8,</span> <span class='ocrx_word' id='word_1_401' title='bbox 431 3330 482 3376; x_wconf 87' lang='lat' dir='ltr'>art.</span> <span class='ocrx_word' id='word_1_402' title='bbox 501 3320 541 3393; x_wconf 68' lang='lat'>2).</span> <span class='ocrx_word' id='word_1_403' title='bbox 556 3319 692 3389; x_wconf 80' lang='lat' dir='ltr'>Quantum</span> <span class='ocrx_word' id='word_1_404' title='bbox 707 3336 770 3376; x_wconf 87' lang='lat' dir='ltr'>tero</span> <span class='ocrx_word' id='word_1_405' title='bbox 783 3337 814 3376; x_wconf 87' lang='lat' dir='ltr'>ca</span> <span class='ocrx_word' id='word_1_406' title='bbox 829 3322 945 3391; x_wconf 87' lang='lat' dir='ltr'>perculsi</span> <span class='ocrx_word' id='word_1_407' title='bbox 996 3314 1276 3389; x_wconf 66' lang='lat' dir='ltr'>clarissumarum,</span> <span class='ocrx_word' id='word_1_408' title='bbox 1290 3315 1334 3370; x_wconf 86' lang='lat' dir='ltr'>tit.</span> <span class='ocrx_word' id='word_1_409' title='bbox 1362 3316 1379 3369; x_wconf 83' lang='lat' dir='ltr'>l</span> <span class='ocrx_word' id='word_1_410' title='bbox 1404 3313 1484 3371; x_wconf 74' lang='lat' dir='ltr'>diuin-</span> <span class='ocrx_word' id='word_1_411' title='bbox 1510 3312 1638 3383; x_wconf 88' lang='lat' dir='ltr'>lustitut.,</span> <span class='ocrx_word' id='word_1_412' title='bbox 1665 3330 1723 3385; x_wconf 82' lang='lat' dir='ltr'>cap.</span> <span class='ocrx_word' id='word_1_413' title='bbox 1742 3312 1794 3383; x_wconf 65' lang='lat'>29;</span> 
     </span>
     <span class='ocr_line' id='line_1_34' title="bbox 144 3404 1617 3486; baseline -0.005 -19"><span class='ocrx_word' id='word_1_414' title='bbox 144 3412 244 3471; x_wconf 75' lang='lat' dir='ltr'>luserint</span> <span class='ocrx_word' id='word_1_415' title='bbox 262 3429 316 3482; x_wconf 87' lang='lat' dir='ltr'>nott</span> <span class='ocrx_word' id='word_1_416' title='bbox 337 3414 425 3470; x_wconf 90' lang='lat' dir='ltr'>solum</span> <span class='ocrx_word' id='word_1_417' title='bbox 446 3412 548 3482; x_wconf 72' lang='lat' dir='ltr'>ludaei,</span> <span class='ocrx_word' id='word_1_418' title='bbox 563 3412 610 3468; x_wconf 88' lang='lat' dir='ltr'>sed</span> <span class='ocrx_word' id='word_1_419' title='bbox 620 3412 700 3469; x_wconf 88' lang='lat' dir='ltr'>etiam</span> <span class='ocrx_word' id='word_1_420' title='bbox 714 3412 840 3486; x_wconf 82' lang='lat' dir='ltr'>gentiles,</span> <span class='ocrx_word' id='word_1_421' title='bbox 854 3429 887 3469; x_wconf 80' lang='lat' dir='ltr'>es</span> <span class='ocrx_word' id='word_1_422' title='bbox 902 3413 945 3469; x_wconf 87' lang='lat' dir='ltr'>bis</span> <span class='ocrx_word' id='word_1_423' title='bbox 995 3405 1104 3465; x_wconf 84' lang='lat' dir='ltr'>Dissert.</span> <span class='ocrx_word' id='word_1_424' title='bbox 1121 3410 1148 3463; x_wconf 88' lang='lat' dir='ltr'>in</span> <span class='ocrx_word' id='word_1_425' title='bbox 1159 3407 1278 3463; x_wconf 83' lang='lat' dir='ltr'>Lactaut.</span> <span class='ocrx_word' id='word_1_426' title='bbox 1291 3424 1349 3479; x_wconf 86' lang='lat' dir='ltr'>erp.</span> <span class='ocrx_word' id='word_1_427' title='bbox 1365 3406 1410 3473; x_wconf 84' lang='lat' dir='ltr'>lli,</span> <span class='ocrx_word' id='word_1_428' title='bbox 1422 3416 1471 3463; x_wconf 91' lang='lat' dir='ltr'>art.</span> <span class='ocrx_word' id='word_1_429' title='bbox 1486 3404 1525 3476; x_wconf 64' lang='grc' dir='ltr'>ἓ).</span> <span class='ocrx_word' id='word_1_430' title='bbox 1613 3474 1617 3483; x_wconf 26' lang='grc' dir='ltr'><strong>Δ</strong></span> 
     </span>
     <span class='ocr_line' id='line_1_35' title="bbox 144 3496 1796 3579; baseline -0.004 -18"><span class='ocrx_word' id='word_1_431' title='bbox 144 3506 249 3579; x_wconf 83' lang='lat' dir='ltr'>conjice</span> <span class='ocrx_word' id='word_1_432' title='bbox 272 3506 497 3577; x_wconf 86' lang='lat' dir='ltr'>subsequentibus</span> <span class='ocrx_word' id='word_1_433' title='bbox 512 3505 638 3561; x_wconf 76' lang='lat' dir='ltr'>bructeris</span> <span class='ocrx_word' id='word_1_434' title='bbox 663 3505 749 3561; x_wconf 90' lang='lat' dir='ltr'>nostri</span> <span class='ocrx_word' id='word_1_435' title='bbox 770 3504 861 3563; x_wconf 81' lang='lat' dir='ltr'>serbis</span> <span class='ocrx_word' id='word_1_436' title='bbox 882 3524 889 3560; x_wconf 77' lang='grc' dir='ltr'>ε</span> <span class='ocrx_word' id='word_1_437' title='bbox 910 3504 944 3561; x_wconf 81' lang='lat' dir='ltr'>Et</span> <span class='ocrx_word' id='word_1_438' title='bbox 1032 3498 1170 3556; x_wconf 81' lang='lat' dir='ltr'>iraeadem</span> <span class='ocrx_word' id='word_1_439' title='bbox 1194 3514 1302 3573; x_wconf 85' lang='lat' dir='ltr'>quoque</span> <span class='ocrx_word' id='word_1_440' title='bbox 1326 3508 1417 3555; x_wconf 69' lang='lat' dir='ltr'>nostra</span> <span class='ocrx_word' id='word_1_441' title='bbox 1431 3498 1465 3555; x_wconf 90' lang='lat' dir='ltr'>de</span> <span class='ocrx_word' id='word_1_442' title='bbox 1479 3496 1559 3571; x_wconf 79' lang='lat' dir='ltr'>liujus</span> <span class='ocrx_word' id='word_1_443' title='bbox 1574 3498 1650 3555; x_wconf 87' lang='lat' dir='ltr'>libris</span> <span class='ocrx_word' id='word_1_444' title='bbox 1668 3498 1796 3557; x_wconf 86' lang='lat' dir='ltr'>disserta·</span> 
     </span>
     <span class='ocr_line' id='line_1_36' title="bbox 145 3590 1795 3665; baseline -0.005 -10"><span class='ocrx_word' id='word_1_445' title='bbox 145 3610 230 3655; x_wconf 84' lang='lat' dir='ltr'>taurea</span> <span class='ocrx_word' id='word_1_446' title='bbox 254 3616 311 3655; x_wconf 82' lang='lat' dir='ltr'>euru</span> <span class='ocrx_word' id='word_1_447' title='bbox 334 3599 423 3654; x_wconf 84' lang='lat' dir='ltr'>rtruudi</span> <span class='ocrx_word' id='word_1_448' title='bbox 446 3616 533 3662; x_wconf 83' lang='lat' dir='ltr'>cusum</span> <span class='ocrx_word' id='word_1_449' title='bbox 557 3600 667 3654; x_wconf 85' lang='lat' dir='ltr'>relatum</span> <span class='ocrx_word' id='word_1_450' title='bbox 685 3600 713 3653; x_wconf 88' lang='lat' dir='ltr'>iu</span> <span class='ocrx_word' id='word_1_451' title='bbox 733 3599 834 3655; x_wconf 84' lang='lat' dir='ltr'>arcariis</span> <span class='ocrx_word' id='word_1_452' title='bbox 857 3600 945 3656; x_wconf 83' lang='lat' dir='ltr'>uestris</span> <span class='ocrx_word' id='word_1_453' title='bbox 996 3595 1070 3649; x_wconf 89' lang='lat' dir='ltr'>tione</span> <span class='ocrx_word' id='word_1_454' title='bbox 1091 3592 1258 3649; x_wconf 87' lang='lat' dir='ltr'>ostendimus</span> <span class='ocrx_word' id='word_1_455' title='bbox 1278 3590 1414 3664; x_wconf 85' lang='lat' dir='ltr'>quontodo</span> <span class='ocrx_word' id='word_1_456' title='bbox 1434 3607 1465 3647; x_wconf 88' lang='lat' dir='ltr'>ca</span> <span class='ocrx_word' id='word_1_457' title='bbox 1485 3593 1685 3665; x_wconf 82' lang='lat' dir='ltr'>explanarent,</span> <span class='ocrx_word' id='word_1_458' title='bbox 1699 3608 1758 3665; x_wconf 75' lang='lat' dir='ltr'>quas</span> <span class='ocrx_word' id='word_1_459' title='bbox 1779 3608 1795 3649; x_wconf 88' lang='lat' dir='ltr'>a</span> 
     </span>
     <span class='ocr_line' id='line_1_37' title="bbox 145 3683 1796 3769; baseline -0.003 -18"><span class='ocrx_word' id='word_1_460' title='bbox 145 3696 241 3751; x_wconf 78' lang='lat' dir='ltr'>tratetis</span> <span class='ocrx_word' id='word_1_461' title='bbox 265 3692 430 3769; x_wconf 73' lang='lat' dir='ltr'>(berrudim.</span> <span class='ocrx_word' id='word_1_462' title='bbox 452 3692 527 3765; x_wconf 82' lang='lat' dir='ltr'>itte).</span> <span class='ocrx_word' id='word_1_463' title='bbox 541 3691 606 3761; x_wconf 81' lang='lat' dir='ltr'>Qua</span> <span class='ocrx_word' id='word_1_464' title='bbox 626 3692 733 3765; x_wconf 85' lang='lat' dir='ltr'>quidem</span> <span class='ocrx_word' id='word_1_465' title='bbox 754 3693 788 3749; x_wconf 87' lang='lat' dir='ltr'>ita</span> <span class='ocrx_word' id='word_1_466' title='bbox 802 3693 830 3749; x_wconf 92' lang='lat' dir='ltr'>in</span> <span class='ocrx_word' id='word_1_467' title='bbox 845 3694 944 3750; x_wconf 73' lang='lat' dir='ltr'>ilustris</span> <span class='ocrx_word' id='word_1_468' title='bbox 996 3686 1162 3743; x_wconf 74' lang='lat' dir='ltr'>Tertulliano</span> <span class='ocrx_word' id='word_1_469' title='bbox 1182 3688 1216 3743; x_wconf 85' lang='lat' dir='ltr'>da</span> <span class='ocrx_word' id='word_1_470' title='bbox 1229 3683 1327 3743; x_wconf 78' lang='lat' dir='ltr'>Citiisti</span> <span class='ocrx_word' id='word_1_471' title='bbox 1343 3694 1448 3757; x_wconf 86' lang='lat' dir='ltr'>morte,</span> <span class='ocrx_word' id='word_1_472' title='bbox 1463 3686 1615 3759; x_wconf 83' lang='lat' dir='ltr'>sepultura,</span> <span class='ocrx_word' id='word_1_473' title='bbox 1632 3697 1659 3745; x_wconf 88' lang='lat' dir='ltr'>et</span> <span class='ocrx_word' id='word_1_474' title='bbox 1675 3701 1796 3745; x_wconf 85' lang='lat' dir='ltr'>resurre-</span> 
     </span>
     <span class='ocr_line' id='line_1_38' title="bbox 144 3769 1795 3861; baseline -0.007 -17"><span class='ocrx_word' id='word_1_475' title='bbox 144 3787 294 3853; x_wconf 87' lang='lat' dir='ltr'>cudieibus,</span> <span class='ocrx_word' id='word_1_476' title='bbox 312 3788 380 3842; x_wconf 88' lang='lat' dir='ltr'>sicut</span> <span class='ocrx_word' id='word_1_477' title='bbox 401 3786 426 3841; x_wconf 92' lang='lat' dir='ltr'>in</span> <span class='ocrx_word' id='word_1_478' title='bbox 447 3784 554 3861; x_wconf 78' lang='lat' dir='ltr'>iligaltii</span> <span class='ocrx_word' id='word_1_479' title='bbox 568 3784 687 3840; x_wconf 89' lang='lat' dir='ltr'>editione</span> <span class='ocrx_word' id='word_1_480' title='bbox 702 3780 809 3857; x_wconf 84' lang='lat' dir='ltr'>scripta</span> <span class='ocrx_word' id='word_1_481' title='bbox 820 3795 892 3840; x_wconf 87' lang='lat' dir='ltr'>sunt.</span> <span class='ocrx_word' id='word_1_482' title='bbox 909 3786 945 3840; x_wconf 88' lang='lat' dir='ltr'>lit</span> <span class='ocrx_word' id='word_1_483' title='bbox 995 3784 1085 3836; x_wconf 87' lang='lat' dir='ltr'>ctione</span> <span class='ocrx_word' id='word_1_484' title='bbox 1096 3779 1177 3849; x_wconf 91' lang='lat' dir='ltr'>dicta,</span> <span class='ocrx_word' id='word_1_485' title='bbox 1192 3788 1272 3851; x_wconf 85' lang='lat' dir='ltr'>atque</span> <span class='ocrx_word' id='word_1_486' title='bbox 1288 3769 1358 3834; x_wconf 80' lang='lat' dir='ltr'>lt&#39;nrte</span> <span class='ocrx_word' id='word_1_487' title='bbox 1374 3778 1399 3834; x_wconf 94' lang='lat' dir='ltr'>in</span> <span class='ocrx_word' id='word_1_488' title='bbox 1414 3776 1523 3833; x_wconf 91' lang='lat' dir='ltr'>modum</span> <span class='ocrx_word' id='word_1_489' title='bbox 1539 3777 1639 3833; x_wconf 89' lang='lat' dir='ltr'>ibidem</span> <span class='ocrx_word' id='word_1_490' title='bbox 1654 3777 1795 3848; x_wconf 78' lang='lat' dir='ltr'>subjuncta</span> 
     </span>
     <span class='ocr_line' id='line_1_39' title="bbox 144 3869 1794 3951; baseline -0.007 -16"><span class='ocrx_word' id='word_1_491' title='bbox 144 3880 204 3951; x_wconf 86' lang='lat' dir='ltr'>quis</span> <span class='ocrx_word' id='word_1_492' title='bbox 217 3896 271 3936; x_wconf 94' lang='lat' dir='ltr'>non</span> <span class='ocrx_word' id='word_1_493' title='bbox 284 3878 405 3935; x_wconf 88' lang='lat' dir='ltr'>laudabit</span> <span class='ocrx_word' id='word_1_494' title='bbox 419 3879 583 3951; x_wconf 77' lang='lat' dir='ltr'>singularem</span> <span class='ocrx_word' id='word_1_495' title='bbox 597 3877 697 3935; x_wconf 89' lang='lat' dir='ltr'>eruditi</span> <span class='ocrx_word' id='word_1_496' title='bbox 714 3876 785 3933; x_wconf 89' lang='lat' dir='ltr'>illius</span> <span class='ocrx_word' id='word_1_497' title='bbox 795 3878 845 3934; x_wconf 85' lang='lat' dir='ltr'>siri</span> <span class='ocrx_word' id='word_1_498' title='bbox 861 3878 943 3935; x_wconf 89' lang='lat' dir='ltr'>sedu-</span> <span class='ocrx_word' id='word_1_499' title='bbox 995 3880 1075 3929; x_wconf 87' lang='lat' dir='ltr'>sunt:</span> <span class='ocrx_word' id='word_1_500' title='bbox 1091 3870 1147 3927; x_wconf 84' lang='lat' dir='ltr'>Nec</span> <span class='ocrx_word' id='word_1_501' title='bbox 1158 3870 1202 3927; x_wconf 88' lang='lat' dir='ltr'>ille</span> <span class='ocrx_word' id='word_1_502' title='bbox 1215 3870 1339 3929; x_wconf 86' lang='lat' dir='ltr'>cbristus</span> <span class='ocrx_word' id='word_1_503' title='bbox 1362 3870 1487 3926; x_wconf 79' lang='lat' dir='ltr'>terlitium</span> <span class='ocrx_word' id='word_1_504' title='bbox 1501 3886 1528 3926; x_wconf 84' lang='lat' dir='ltr'>se</span> <span class='ocrx_word' id='word_1_505' title='bbox 1547 3871 1573 3934; x_wconf 83' lang='lat' dir='ltr'>in</span> <span class='ocrx_word' id='word_1_506' title='bbox 1587 3870 1675 3941; x_wconf 85' lang='lat' dir='ltr'>uulqus</span> <span class='ocrx_word' id='word_1_507' title='bbox 1696 3869 1794 3939; x_wconf 75' lang='lat' dir='ltr'>eurisis,</span> 
     </span>
     <span class='ocr_line' id='line_1_40' title="bbox 145 3954 1794 4050; baseline -0.005 -20"><span class='ocrx_word' id='word_1_508' title='bbox 145 3976 257 4043; x_wconf 85' lang='lat' dir='ltr'>litatem,</span> <span class='ocrx_word' id='word_1_509' title='bbox 273 3976 318 4047; x_wconf 85' lang='lat' dir='ltr'>qui</span> <span class='ocrx_word' id='word_1_510' title='bbox 335 3987 382 4033; x_wconf 84' lang='lat' dir='ltr'>rios</span> <span class='ocrx_word' id='word_1_511' title='bbox 397 3974 432 4030; x_wconf 91' lang='lat' dir='ltr'>ibi</span> <span class='ocrx_word' id='word_1_512' title='bbox 448 3972 586 4031; x_wconf 85' lang='lat' dir='ltr'>admonuit</span> <span class='ocrx_word' id='word_1_513' title='bbox 597 3973 625 4029; x_wconf 87' lang='lat' dir='ltr'>in</span> <span class='ocrx_word' id='word_1_514' title='bbox 636 3973 696 4028; x_wconf 89' lang='lat' dir='ltr'>aliis</span> <span class='ocrx_word' id='word_1_515' title='bbox 708 3972 880 4046; x_wconf 84' lang='lat' dir='ltr'>editionibus,</span> <span class='ocrx_word' id='word_1_516' title='bbox 893 3989 943 4050; x_wconf 87' lang='lat' dir='ltr'>pro</span> <span class='ocrx_word' id='word_1_517' title='bbox 995 3983 1027 4022; x_wconf 84' lang='lat' dir='ltr'>ae</span> <span class='ocrx_word' id='word_1_518' title='bbox 1039 3954 1111 4037; x_wconf 84' lang='lat' dir='ltr'>itttttii</span> <span class='ocrx_word' id='word_1_519' title='bbox 1130 3965 1394 4022; x_wconf 80' lang='lat' dir='ltr'>err-oretilermeumr</span> <span class='ocrx_word' id='word_1_520' title='bbox 1407 3960 1571 4037; x_wconf 72' lang='lat' dir='ltr'>(Tertulliani.</span> <span class='ocrx_word' id='word_1_521' title='bbox 1588 3962 1794 4037; x_wconf 70' lang='lat' dir='ltr'>lpotoqeacap.</span> 
     </span>
     <span class='ocr_line' id='line_1_41' title="bbox 144 4054 1796 4141; baseline 0.002 -20"><span class='ocrx_word' id='word_1_522' title='bbox 144 4068 254 4136; x_wconf 86' lang='lat' dir='ltr'>arcanis,</span> <span class='ocrx_word' id='word_1_523' title='bbox 272 4068 388 4139; x_wconf 88' lang='lat' dir='ltr'>pesitum</span> <span class='ocrx_word' id='word_1_524' title='bbox 399 4066 509 4123; x_wconf 81' lang='lat' dir='ltr'>arctim</span> <span class='ocrx_word' id='word_1_525' title='bbox 520 4068 532 4122; x_wconf 81' lang='lat' dir='ltr'>l</span> <span class='ocrx_word' id='word_1_526' title='bbox 544 4065 638 4139; x_wconf 71' lang='lat' dir='ltr'>ttrijori</span> <span class='ocrx_word' id='word_1_527' title='bbox 652 4077 740 4123; x_wconf 90' lang='lat' dir='ltr'>tarneo</span> <span class='ocrx_word' id='word_1_528' title='bbox 754 4067 833 4125; x_wconf 88' lang='lat' dir='ltr'>laude</span> <span class='ocrx_word' id='word_1_529' title='bbox 846 4068 943 4141; x_wconf 80' lang='lat' dir='ltr'>dignus</span> <span class='ocrx_word' id='word_1_530' title='bbox 994 4060 1040 4127; x_wconf 69' lang='lat'>2¹2</span> <span class='ocrx_word' id='word_1_531' title='bbox 1063 4075 1123 4131; x_wconf 88' lang='lat' dir='ltr'>paq.</span> <span class='ocrx_word' id='word_1_532' title='bbox 1136 4056 1212 4127; x_wconf 78' lang='lat' dir='ltr'>aba).</span> <span class='ocrx_word' id='word_1_533' title='bbox 1231 4055 1268 4111; x_wconf 79' lang='grc'><strong>1111</strong></span> <span class='ocrx_word' id='word_1_534' title='bbox 1288 4066 1377 4112; x_wconf 62' lang='grc'><strong>11111111</strong></span> <span class='ocrx_word' id='word_1_535' title='bbox 1397 4054 1640 4111; x_wconf 67' lang='grc'><strong>(11111011311111111115</strong></span> <span class='ocrx_word' id='word_1_536' title='bbox 1664 4054 1737 4114; x_wconf 68' lang='grc'><strong>1111111</strong></span> <span class='ocrx_word' id='word_1_537' title='bbox 1756 4055 1796 4113; x_wconf 80' lang='grc'>10·</span> 
     </span>
     <span class='ocr_line' id='line_1_42' title="bbox 142 4148 1795 4243; baseline -0.01 -24"><span class='ocrx_word' id='word_1_538' title='bbox 142 4163 331 4236; x_wconf 92' lang='lat' dir='ltr'>proculdubio</span> <span class='ocrx_word' id='word_1_539' title='bbox 346 4164 424 4235; x_wconf 82' lang='lat' dir='ltr'>litret,</span> <span class='ocrx_word' id='word_1_540' title='bbox 437 4165 458 4221; x_wconf 89' lang='lat' dir='ltr'>si</span> <span class='ocrx_word' id='word_1_541' title='bbox 476 4164 527 4221; x_wconf 91' lang='lat' dir='ltr'>bac</span> <span class='ocrx_word' id='word_1_542' title='bbox 540 4166 652 4237; x_wconf 85' lang='lat' dir='ltr'>aliisque</span> <span class='ocrx_word' id='word_1_543' title='bbox 664 4167 799 4226; x_wconf 88' lang='lat' dir='ltr'>nonnuliis</span> <span class='ocrx_word' id='word_1_544' title='bbox 811 4169 943 4225; x_wconf 86' lang='lat' dir='ltr'>similibus</span> <span class='ocrx_word' id='word_1_545' title='bbox 994 4152 1093 4243; x_wconf 74' lang='lat' dir='ltr'>q¹¹0¹¹l¹l</span> <span class='ocrx_word' id='word_1_546' title='bbox 1113 4150 1294 4225; x_wconf 67' lang='grc' dir='ltr'><strong>1110111111ι11111</strong></span> <span class='ocrx_word' id='word_1_547' title='bbox 1313 4163 1366 4207; x_wconf 81' lang='grc'><strong>11011</strong></span> <span class='ocrx_word' id='word_1_548' title='bbox 1387 4150 1472 4219; x_wconf 65' lang='lat' dir='ltr'>§alulit</span> <span class='ocrx_word' id='word_1_549' title='bbox 1487 4165 1502 4204; x_wconf 84' lang='lat' dir='ltr'>a</span> <span class='ocrx_word' id='word_1_550' title='bbox 1522 4148 1687 4209; x_wconf 84' lang='lat' dir='ltr'>Tertulliano</span> <span class='ocrx_word' id='word_1_551' title='bbox 1704 4157 1731 4205; x_wconf 89' lang='lat' dir='ltr'>et</span> <span class='ocrx_word' id='word_1_552' title='bbox 1743 4150 1795 4209; x_wconf 81' lang='lat' dir='ltr'>La-</span> 
     </span>
     <span class='ocr_line' id='line_1_43' title="bbox 143 4251 1795 4333; baseline -0.003 -20"><span class='ocrx_word' id='word_1_553' title='bbox 143 4267 217 4313; x_wconf 89' lang='lat' dir='ltr'>certe</span> <span class='ocrx_word' id='word_1_554' title='bbox 229 4256 373 4315; x_wconf 86' lang='lat' dir='ltr'>levissimis</span> <span class='ocrx_word' id='word_1_555' title='bbox 385 4258 545 4315; x_wconf 85' lang='lat' dir='ltr'>lectionibus</span> <span class='ocrx_word' id='word_1_556' title='bbox 560 4257 666 4324; x_wconf 88' lang='lat' dir='ltr'>notatis,</span> <span class='ocrx_word' id='word_1_557' title='bbox 681 4257 748 4315; x_wconf 91' lang='lat' dir='ltr'>alias</span> <span class='ocrx_word' id='word_1_558' title='bbox 760 4259 840 4331; x_wconf 68' lang='lat' dir='ltr'>lotae</span> <span class='ocrx_word' id='word_1_559' title='bbox 852 4261 943 4333; x_wconf 90' lang='lat' dir='ltr'>plures</span> <span class='ocrx_word' id='word_1_560' title='bbox 993 4256 1095 4320; x_wconf 86' lang='lat' dir='ltr'>ctarttio</span> <span class='ocrx_word' id='word_1_561' title='bbox 1108 4298 1115 4324; x_wconf 89' lang='lat'>,</span> <span class='ocrx_word' id='word_1_562' title='bbox 1129 4256 1176 4315; x_wconf 88' lang='lat' dir='ltr'>sed</span> <span class='ocrx_word' id='word_1_563' title='bbox 1192 4255 1327 4330; x_wconf 83' lang='lat' dir='ltr'>Cypriane</span> <span class='ocrx_word' id='word_1_564' title='bbox 1342 4253 1421 4310; x_wconf 90' lang='lat' dir='ltr'>etiam</span> <span class='ocrx_word' id='word_1_565' title='bbox 1432 4296 1439 4321; x_wconf 94' lang='lat'>,</span> <span class='ocrx_word' id='word_1_566' title='bbox 1450 4268 1483 4309; x_wconf 89' lang='lat' dir='ltr'>ao</span> <span class='ocrx_word' id='word_1_567' title='bbox 1495 4251 1579 4311; x_wconf 86' lang='lat' dir='ltr'>sactis</span> <span class='ocrx_word' id='word_1_568' title='bbox 1593 4254 1694 4311; x_wconf 76' lang='lat' dir='ltr'>ttouris</span> <span class='ocrx_word' id='word_1_569' title='bbox 1706 4252 1795 4328; x_wconf 87' lang='lat' dir='ltr'>Scrip-</span> 
     </span>
     <span class='ocr_line' id='line_1_44' title="bbox 143 4347 1794 4427; baseline 0.001 -23"><span class='ocrx_word' id='word_1_570' title='bbox 143 4359 171 4404; x_wconf 89' lang='lat' dir='ltr'>et</span> <span class='ocrx_word' id='word_1_571' title='bbox 191 4348 321 4423; x_wconf 73' lang='lat' dir='ltr'>grauioris</span> <span class='ocrx_word' id='word_1_572' title='bbox 346 4347 467 4421; x_wconf 89' lang='lat' dir='ltr'>proiecto</span> <span class='ocrx_word' id='word_1_573' title='bbox 490 4351 621 4407; x_wconf 86' lang='lat' dir='ltr'>ntonrenti</span> <span class='ocrx_word' id='word_1_574' title='bbox 641 4366 693 4405; x_wconf 92' lang='lat' dir='ltr'>tton</span> <span class='ocrx_word' id='word_1_575' title='bbox 715 4353 940 4425; x_wconf 76' lang='lat' dir='ltr'>praetermisisset.</span> <span class='ocrx_word' id='word_1_576' title='bbox 995 4349 1098 4405; x_wconf 88' lang='lat' dir='ltr'>toribus</span> <span class='ocrx_word' id='word_1_577' title='bbox 1124 4349 1277 4417; x_wconf 88' lang='lat' dir='ltr'>adhibetur,</span> <span class='ocrx_word' id='word_1_578' title='bbox 1303 4348 1380 4427; x_wconf 88' lang='lat' dir='ltr'>plane</span> <span class='ocrx_word' id='word_1_579' title='bbox 1403 4348 1538 4406; x_wconf 86' lang='lat' dir='ltr'>innuerito</span> <span class='ocrx_word' id='word_1_580' title='bbox 1564 4348 1598 4407; x_wconf 88' lang='lat' dir='ltr'>ab</span> <span class='ocrx_word' id='word_1_581' title='bbox 1622 4348 1794 4415; x_wconf 77' lang='lat' dir='ltr'>heterodoxis</span> 
     </span>
     <span class='ocr_line' id='line_1_45' title="bbox 142 4439 1793 4518; baseline -0.002 -19"><span class='ocrx_word' id='word_1_582' title='bbox 142 4440 210 4499; x_wconf 82' lang='lat' dir='ltr'>Nam</span> <span class='ocrx_word' id='word_1_583' title='bbox 233 4441 337 4497; x_wconf 86' lang='lat' dir='ltr'>urcltiuo</span> <span class='ocrx_word' id='word_1_584' title='bbox 359 4440 429 4497; x_wconf 86' lang='lat' dir='ltr'>idem</span> <span class='ocrx_word' id='word_1_585' title='bbox 453 4444 532 4514; x_wconf 86' lang='lat' dir='ltr'>plane</span> <span class='ocrx_word' id='word_1_586' title='bbox 553 4442 704 4515; x_wconf 83' lang='lat' dir='ltr'>signiiicattt</span> <span class='ocrx_word' id='word_1_587' title='bbox 729 4454 810 4517; x_wconf 79' lang='lat' dir='ltr'>alque</span> <span class='ocrx_word' id='word_1_588' title='bbox 834 4462 940 4514; x_wconf 76' lang='lat' dir='ltr'>antarta,</span> <span class='ocrx_word' id='word_1_589' title='bbox 993 4444 1152 4515; x_wconf 82' lang='lat' dir='ltr'>quibusdam</span> <span class='ocrx_word' id='word_1_590' title='bbox 1167 4441 1396 4517; x_wconf 81' lang='lat' dir='ltr'>vexari(liisterl.</span> <span class='ocrx_word' id='word_1_591' title='bbox 1416 4442 1443 4499; x_wconf 87' lang='lat' dir='ltr'>iu</span> <span class='ocrx_word' id='word_1_592' title='bbox 1460 4440 1579 4499; x_wconf 75' lang='lat' dir='ltr'>lactant.</span> <span class='ocrx_word' id='word_1_593' title='bbox 1600 4443 1650 4517; x_wconf 84' lang='lat' dir='ltr'>lec·</span> <span class='ocrx_word' id='word_1_594' title='bbox 1663 4458 1734 4518; x_wconf 83' lang='lat' dir='ltr'>supr.</span> <span class='ocrx_word' id='word_1_595' title='bbox 1748 4439 1793 4497; x_wconf 88' lang='lat' dir='ltr'>eil.</span> 
     </span>
     <span class='ocr_line' id='line_1_46' title="bbox 143 4534 1266 4611; baseline 0.004 -24"><span class='ocrx_word' id='word_1_596' title='bbox 143 4548 214 4605; x_wconf 78' lang='lat' dir='ltr'>quat,</span> <span class='ocrx_word' id='word_1_597' title='bbox 229 4534 310 4590; x_wconf 81' lang='lat' dir='ltr'>Festo</span> <span class='ocrx_word' id='word_1_598' title='bbox 331 4545 358 4590; x_wconf 89' lang='lat' dir='ltr'>et</span> <span class='ocrx_word' id='word_1_599' title='bbox 381 4534 475 4590; x_wconf 83' lang='lat' dir='ltr'>Seruio</span> <span class='ocrx_word' id='word_1_600' title='bbox 501 4536 624 4600; x_wconf 81' lang='lat' dir='ltr'>testibus,</span> <span class='ocrx_word' id='word_1_601' title='bbox 650 4535 778 4593; x_wconf 88' lang='lat' dir='ltr'>dicuntur</span> <span class='ocrx_word' id='word_1_602' title='bbox 797 4550 899 4604; x_wconf 80' lang='lat' dir='ltr'>secreta</span> <span class='ocrx_word' id='word_1_603' title='bbox 914 4549 942 4597; x_wconf 90' lang='lat' dir='ltr'>ct</span> <span class='ocrx_word' id='word_1_604' title='bbox 993 4548 1016 4593; x_wconf 90' lang='lat' dir='ltr'>et</span> <span class='ocrx_word' id='word_1_605' title='bbox 1029 4555 1086 4611; x_wconf 82' lang='lat' dir='ltr'>cup.</span> <span class='ocrx_word' id='word_1_606' title='bbox 1103 4538 1147 4605; x_wconf 78' lang='lat' dir='ltr'>li,</span> <span class='ocrx_word' id='word_1_607' title='bbox 1162 4546 1211 4591; x_wconf 84' lang='lat' dir='ltr'>tut.</span> <span class='ocrx_word' id='word_1_608' title='bbox 1226 4538 1266 4609; x_wconf 76' lang='lat'>5).</span> 
     </span>
     <span class='ocr_line' id='line_1_47' title="bbox 142 4625 1794 4702; baseline 0.002 -22"><span class='ocrx_word' id='word_1_609' title='bbox 142 4627 254 4689; x_wconf 85' lang='lat' dir='ltr'>clausa,</span> <span class='ocrx_word' id='word_1_610' title='bbox 270 4635 297 4681; x_wconf 92' lang='lat' dir='ltr'>et</span> <span class='ocrx_word' id='word_1_611' title='bbox 317 4640 332 4680; x_wconf 93' lang='lat' dir='ltr'>a</span> <span class='ocrx_word' id='word_1_612' title='bbox 355 4625 452 4697; x_wconf 83' lang='lat' dir='ltr'>quibus</span> <span class='ocrx_word' id='word_1_613' title='bbox 467 4641 560 4683; x_wconf 85' lang='lat' dir='ltr'>outnes</span> <span class='ocrx_word' id='word_1_614' title='bbox 575 4628 823 4702; x_wconf 77' lang='lat' dir='ltr'>arceuturll&#39;estus,</span> <span class='ocrx_word' id='word_1_615' title='bbox 835 4632 880 4688; x_wconf 87' lang='lat' dir='ltr'>lii.</span> <span class='ocrx_word' id='word_1_616' title='bbox 896 4631 982 4700; x_wconf 64' lang='lat' dir='ltr'>lul)</span> <span class='ocrx_word' id='word_1_617' title='bbox 1031 4629 1154 4686; x_wconf 85' lang='lat' dir='ltr'>Postbucc</span> <span class='ocrx_word' id='word_1_618' title='bbox 1177 4646 1241 4690; x_wconf 83' lang='lat' dir='ltr'>tcto</span> <span class='ocrx_word' id='word_1_619' title='bbox 1260 4630 1444 4697; x_wconf 88' lang='lat' dir='ltr'>Tertullianus</span> <span class='ocrx_word' id='word_1_620' title='bbox 1466 4630 1500 4687; x_wconf 85' lang='lat' dir='ltr'>de</span> <span class='ocrx_word' id='word_1_621' title='bbox 1516 4630 1634 4699; x_wconf 81' lang='lat' dir='ltr'>Cltristn,</span> <span class='ocrx_word' id='word_1_622' title='bbox 1656 4628 1690 4687; x_wconf 90' lang='lat' dir='ltr'>ad</span> <span class='ocrx_word' id='word_1_623' title='bbox 1710 4629 1794 4685; x_wconf 86' lang='lat' dir='ltr'>uitam</span> 
     </span>
     <span class='ocr_line' id='line_1_48' title="bbox 143 4718 1793 4797; baseline 0.004 -23"><span class='ocrx_word' id='word_1_624' title='bbox 143 4721 176 4775; x_wconf 84' lang='lat' dir='ltr'>de</span> <span class='ocrx_word' id='word_1_625' title='bbox 192 4718 297 4775; x_wconf 84' lang='lat' dir='ltr'>Verior.</span> <span class='ocrx_word' id='word_1_626' title='bbox 311 4721 462 4793; x_wconf 77' lang='lat' dir='ltr'>siquifiest.,·</span> <span class='ocrx_word' id='word_1_627' title='bbox 473 4719 577 4777; x_wconf 75' lang='lat' dir='ltr'>Seuius</span> <span class='ocrx_word' id='word_1_628' title='bbox 589 4726 617 4778; x_wconf 88' lang='lat' dir='ltr'>iu</span> <span class='ocrx_word' id='word_1_629' title='bbox 632 4722 722 4795; x_wconf 82' lang='lat' dir='ltr'>Virqil.</span> <span class='ocrx_word' id='word_1_630' title='bbox 735 4723 779 4780; x_wconf 84' lang='lat' dir='ltr'>bb.</span> <span class='ocrx_word' id='word_1_631' title='bbox 791 4726 818 4780; x_wconf 87' lang='lat' dir='ltr'>l.</span> <span class='ocrx_word' id='word_1_632' title='bbox 832 4724 941 4782; x_wconf 83' lang='lat' dir='ltr'>AEaeid.</span> <span class='ocrx_word' id='word_1_633' title='bbox 994 4736 1141 4794; x_wconf 79' lang='lat' dir='ltr'>resecato,</span> <span class='ocrx_word' id='word_1_634' title='bbox 1161 4727 1218 4785; x_wconf 79' lang='lat' dir='ltr'>linae</span> <span class='ocrx_word' id='word_1_635' title='bbox 1241 4728 1348 4788; x_wconf 84' lang='lat' dir='ltr'>tradidit</span> <span class='ocrx_word' id='word_1_636' title='bbox 1370 4745 1376 4782; x_wconf 72' lang='grc' dir='ltr'><strong><em>ε</em></strong></span> <span class='ocrx_word' id='word_1_637' title='bbox 1392 4727 1458 4785; x_wconf 74' lang='lat' dir='ltr'>Cant</span> <span class='ocrx_word' id='word_1_638' title='bbox 1483 4726 1616 4797; x_wconf 75' lang='lat' dir='ltr'>discipulis</span> <span class='ocrx_word' id='word_1_639' title='bbox 1641 4723 1793 4797; x_wconf 80' lang='lat' dir='ltr'>quibusdam</span> 
     </span>
    </p>
   </div>
   <div class='ocr_carea' id='block_1_3' title="bbox 994 1518 1796 1778">
    <p class='ocr_par' dir='ltr' id='par_1_4' title="bbox 994 1518 1796 1778">
     <span class='ocr_line' id='line_1_49' title="bbox 994 1518 1794 1592; baseline 0.004 -17"><span class='ocrx_word' id='word_1_640' title='bbox 994 1518 1035 1575; x_wconf 80' lang='lat' dir='ltr'>De</span> <span class='ocrx_word' id='word_1_641' title='bbox 1049 1518 1144 1575; x_wconf 77' lang='lat' dir='ltr'>Christi</span> <span class='ocrx_word' id='word_1_642' title='bbox 1164 1536 1181 1573; x_wconf 88' lang='lat' dir='ltr'>a</span> <span class='ocrx_word' id='word_1_643' title='bbox 1201 1528 1280 1575; x_wconf 88' lang='lat' dir='ltr'>ntorle</span> <span class='ocrx_word' id='word_1_644' title='bbox 1293 1519 1327 1573; x_wconf 89' lang='lat' dir='ltr'>ad</span> <span class='ocrx_word' id='word_1_645' title='bbox 1341 1521 1419 1575; x_wconf 88' lang='lat' dir='ltr'>uitam</span> <span class='ocrx_word' id='word_1_646' title='bbox 1440 1537 1573 1592; x_wconf 77' lang='lat' dir='ltr'>repressa,</span> <span class='ocrx_word' id='word_1_647' title='bbox 1589 1520 1794 1592; x_wconf 83' lang='lat' dir='ltr'>apparitionibus</span> 
     </span>
     <span class='ocr_line' id='line_1_50' title="bbox 1031 1612 1796 1688; baseline 0 -17"><span class='ocrx_word' id='word_1_648' title='bbox 1031 1616 1058 1671; x_wconf 90' lang='lat' dir='ltr'>in</span> <span class='ocrx_word' id='word_1_649' title='bbox 1073 1612 1193 1681; x_wconf 80' lang='lat' dir='ltr'>Galilaea,</span> <span class='ocrx_word' id='word_1_650' title='bbox 1208 1613 1332 1669; x_wconf 84' lang='lat' dir='ltr'>ordinatis</span> <span class='ocrx_word' id='word_1_651' title='bbox 1347 1614 1381 1669; x_wconf 85' lang='lat' dir='ltr'>ati</span> <span class='ocrx_word' id='word_1_652' title='bbox 1394 1614 1610 1671; x_wconf 83' lang='lat' dir='ltr'>dissentiuntttluut</span> <span class='ocrx_word' id='word_1_653' title='bbox 1626 1616 1796 1688; x_wconf 79' lang='lat' dir='ltr'>Euortqeliunt</span> 
     </span>
     <span class='ocr_line' id='line_1_51' title="bbox 1032 1706 1796 1778; baseline 0.003 -15"><span class='ocrx_word' id='word_1_654' title='bbox 1032 1708 1186 1778; x_wconf 78' lang='lat' dir='ltr'>discipulis,</span> <span class='ocrx_word' id='word_1_655' title='bbox 1208 1706 1279 1763; x_wconf 82' lang='lat' dir='ltr'>illius</span> <span class='ocrx_word' id='word_1_656' title='bbox 1292 1708 1319 1762; x_wconf 89' lang='lat' dir='ltr'>in</span> <span class='ocrx_word' id='word_1_657' title='bbox 1337 1707 1413 1763; x_wconf 79' lang='lat' dir='ltr'>celos</span> <span class='ocrx_word' id='word_1_658' title='bbox 1435 1724 1561 1777; x_wconf 84' lang='lat' dir='ltr'>assetus,</span> <span class='ocrx_word' id='word_1_659' title='bbox 1577 1717 1600 1763; x_wconf 91' lang='lat' dir='ltr'>et</span> <span class='ocrx_word' id='word_1_660' title='bbox 1621 1708 1652 1765; x_wconf 87' lang='lat' dir='ltr'>iis</span> <span class='ocrx_word' id='word_1_661' title='bbox 1680 1708 1796 1765; x_wconf 83' lang='lat' dir='ltr'>otttuilus</span> 
     </span>
    </p>
   </div>
   <div class='ocr_carea' id='block_1_4' title="bbox 915 1796 1901 1913">
    <p class='ocr_par' dir='ltr' id='par_1_5' title="bbox 915 1796 1901 1913">
     <span class='ocr_line' id='line_1_52' title="bbox 915 1796 1901 1913; baseline 0.005 -60"><span class='ocrx_word' id='word_1_662' title='bbox 915 1834 943 1894; x_wconf 62' lang='lat' dir='ltr'>,n</span> <span class='ocrx_word' id='word_1_663' title='bbox 956 1837 982 1913; x_wconf 63' lang='lat' dir='ltr'>B</span> <span class='ocrx_word' id='word_1_664' title='bbox 1032 1818 1054 1909; x_wconf 66' lang='lat' dir='ltr'>a¹</span> <span class='ocrx_word' id='word_1_665' title='bbox 1073 1798 1160 1855; x_wconf 81' lang='lat' dir='ltr'>Pilato</span> <span class='ocrx_word' id='word_1_666' title='bbox 1183 1799 1218 1854; x_wconf 88' lang='lat' dir='ltr'>utl</span> <span class='ocrx_word' id='word_1_667' title='bbox 1243 1796 1372 1855; x_wconf 82' lang='lat' dir='ltr'>Tiberium</span> <span class='ocrx_word' id='word_1_668' title='bbox 1397 1800 1575 1870; x_wconf 87' lang='lat' dir='ltr'>imperatorem</span> <span class='ocrx_word' id='word_1_669' title='bbox 1607 1801 1694 1857; x_wconf 86' lang='lat' dir='ltr'>relatis</span> <span class='ocrx_word' id='word_1_670' title='bbox 1721 1818 1797 1857; x_wconf 86' lang='lat' dir='ltr'>:cur</span> <span class='ocrx_word' id='word_1_671' title='bbox 1898 1854 1901 1864; x_wconf 87' lang='grc'>,</span> 
     </span>
    </p>
   </div>
   <div class='ocr_carea' id='block_1_5' title="bbox 1032 1890 1795 2043">
    <p class='ocr_par' dir='ltr' id='par_1_6' title="bbox 1032 1890 1795 2043">
     <span class='ocr_line' id='line_1_53' title="bbox 1033 1890 1795 1959; baseline 0.004 -12"><span class='ocrx_word' id='word_1_672' title='bbox 1033 1892 1145 1947; x_wconf 69' lang='lat' dir='ltr'>deseres</span> <span class='ocrx_word' id='word_1_673' title='bbox 1158 1890 1257 1947; x_wconf 84' lang='lat' dir='ltr'>Cbritta</span> <span class='ocrx_word' id='word_1_674' title='bbox 1270 1890 1444 1959; x_wconf 82' lang='lat' dir='ltr'>credidissent,</span> <span class='ocrx_word' id='word_1_675' title='bbox 1456 1890 1479 1946; x_wconf 89' lang='lat' dir='ltr'>si</span> <span class='ocrx_word' id='word_1_676' title='bbox 1492 1907 1541 1946; x_wconf 88' lang='lat' dir='ltr'>aaa</span> <span class='ocrx_word' id='word_1_677' title='bbox 1555 1902 1635 1948; x_wconf 85' lang='lat' dir='ltr'>esseut</span> <span class='ocrx_word' id='word_1_678' title='bbox 1646 1892 1740 1949; x_wconf 84' lang='lat' dir='ltr'>aternio</span> <span class='ocrx_word' id='word_1_679' title='bbox 1750 1910 1795 1949; x_wconf 87' lang='lat' dir='ltr'>ue-</span> 
     </span>
     <span class='ocr_line' id='line_1_54' title="bbox 1032 2002 1144 2043; baseline -0.027 0"><span class='ocrx_word' id='word_1_680' title='bbox 1032 2002 1144 2043; x_wconf 83' lang='lat' dir='ltr'>cessarit.</span> 
     </span>
    </p>
   </div>
   <div class='ocr_carea' id='block_1_6' title="bbox 138 4813 1890 4893">
    <p class='ocr_par' dir='ltr' id='par_1_7' title="bbox 138 4813 1890 4893">
     <span class='ocr_line' id='line_1_55' title="bbox 138 4813 1890 4893; baseline -0.014 -1"><span class='ocrx_word' id='word_1_681' title='bbox 138 4832 166 4893; x_wconf 70' lang='grc'>11·</span> <span class='ocrx_word' id='word_1_682' title='bbox 182 4813 259 4887; x_wconf 60' lang='lat' dir='ltr'>mi·</span> <span class='ocrx_word' id='word_1_683' title='bbox 994 4820 1066 4891; x_wconf 83' lang='lat' dir='ltr'>apud</span> <span class='ocrx_word' id='word_1_684' title='bbox 1080 4818 1215 4880; x_wconf 80' lang='lat' dir='ltr'>Galiloeant</span> <span class='ocrx_word' id='word_1_685' title='bbox 1232 4819 1333 4887; x_wconf 71' lang='lat' dir='ltr'>ludere</span> <span class='ocrx_word' id='word_1_686' title='bbox 1348 4815 1476 4893; x_wconf 85' lang='lat' dir='ltr'>reqioucnt</span> <span class='ocrx_word' id='word_1_687' title='bbox 1498 4818 1532 4873; x_wconf 88' lang='lat' dir='ltr'>ad</span> <span class='ocrx_word' id='word_1_688' title='bbox 1552 4818 1723 4891; x_wconf 86' lang='lat' dir='ltr'>quedruqittta</span> <span class='ocrx_word' id='word_1_689' title='bbox 1739 4816 1794 4873; x_wconf 83' lang='lat' dir='ltr'>alies</span> <span class='ocrx_word' id='word_1_690' title='bbox 1886 4823 1890 4832; x_wconf 89' lang='grc'><strong>’</strong></span> 
     </span>
    </p>
   </div>
   <div class='ocr_carea' id='block_1_7' title="bbox 138 4906 1793 5925">
    <p class='ocr_par' dir='ltr' id='par_1_8' title="bbox 140 4906 1793 5733">
     <span class='ocr_line' id='line_1_56' title="bbox 179 4906 1793 4987; baseline 0.004 -24"><span class='ocrx_word' id='word_1_691' title='bbox 179 4908 263 4965; x_wconf 84' lang='lat' dir='ltr'>Porro</span> <span class='ocrx_word' id='word_1_692' title='bbox 282 4915 373 4964; x_wconf 69' lang='lat' dir='ltr'>amesa</span> <span class='ocrx_word' id='word_1_693' title='bbox 385 4907 451 4965; x_wconf 89' lang='lat' dir='ltr'>illud</span> <span class='ocrx_word' id='word_1_694' title='bbox 467 4906 535 4965; x_wconf 84' lang='lat' dir='ltr'>solis</span> <span class='ocrx_word' id='word_1_695' title='bbox 555 4908 694 4981; x_wconf 56' lang='lat' dir='ltr'>meat</span> <span class='ocrx_word' id='word_1_696' title='bbox 711 4909 739 4965; x_wconf 91' lang='lat' dir='ltr'>in</span> <span class='ocrx_word' id='word_1_697' title='bbox 757 4924 857 4966; x_wconf 68' lang='lat' dir='ltr'>ermae</span> <span class='ocrx_word' id='word_1_698' title='bbox 874 4926 942 4984; x_wconf 78' lang='lat' dir='ltr'>qen·</span> <span class='ocrx_word' id='word_1_699' title='bbox 995 4915 1059 4985; x_wconf 85' lang='lat' dir='ltr'>eqit,</span> <span class='ocrx_word' id='word_1_700' title='bbox 1076 4913 1169 4985; x_wconf 84' lang='lat' dir='ltr'>doceas</span> <span class='ocrx_word' id='word_1_701' title='bbox 1182 4930 1224 4973; x_wconf 85' lang='lat' dir='ltr'>eoa</span> <span class='ocrx_word' id='word_1_702' title='bbox 1237 4929 1294 4985; x_wconf 83' lang='lat' dir='ltr'>que</span> <span class='ocrx_word' id='word_1_703' title='bbox 1311 4913 1432 4973; x_wconf 77' lang='lat' dir='ltr'>doseettt</span> <span class='ocrx_word' id='word_1_704' title='bbox 1445 4912 1610 4987; x_wconf 76' lang='lat' dir='ltr'>(Tertullinus.</span> <span class='ocrx_word' id='word_1_705' title='bbox 1624 4912 1709 4985; x_wconf 75' lang='lat' dir='ltr'>ibid).</span> <span class='ocrx_word' id='word_1_706' title='bbox 1722 4911 1793 4983; x_wconf 79' lang='lat' dir='ltr'>earo</span> 
     </span>
     <span class='ocr_line' id='line_1_57' title="bbox 142 4996 1792 5079; baseline 0.004 -24"><span class='ocrx_word' id='word_1_707' title='bbox 142 4999 230 5056; x_wconf 90' lang='lat' dir='ltr'>tilium</span> <span class='ocrx_word' id='word_1_708' title='bbox 250 5002 364 5057; x_wconf 87' lang='lat' dir='ltr'>relatum</span> <span class='ocrx_word' id='word_1_709' title='bbox 388 5016 450 5058; x_wconf 85' lang='lat' dir='ltr'>esso</span> <span class='ocrx_word' id='word_1_710' title='bbox 469 5003 573 5058; x_wconf 74' lang='lat' dir='ltr'>dunos</span> <span class='ocrx_word' id='word_1_711' title='bbox 592 5010 686 5057; x_wconf 85' lang='lat' dir='ltr'>noster</span> <span class='ocrx_word' id='word_1_712' title='bbox 704 5012 860 5071; x_wconf 84' lang='lat' dir='ltr'>assererst;</span> <span class='ocrx_word' id='word_1_713' title='bbox 881 5003 943 5076; x_wconf 87' lang='lat' dir='ltr'>quia</span> <span class='ocrx_word' id='word_1_714' title='bbox 994 5006 1080 5079; x_wconf 75' lang='lat' dir='ltr'>erqoi</span> <span class='ocrx_word' id='word_1_715' title='bbox 1093 5005 1227 5079; x_wconf 85' lang='lat' dir='ltr'>Numquid</span> <span class='ocrx_word' id='word_1_716' title='bbox 1244 5005 1367 5063; x_wconf 85' lang='lat' dir='ltr'>Christus</span> <span class='ocrx_word' id='word_1_717' title='bbox 1381 5021 1431 5079; x_wconf 89' lang='lat' dir='ltr'>per</span> <span class='ocrx_word' id='word_1_718' title='bbox 1451 4996 1538 5063; x_wconf 82' lang='lat' dir='ltr'>toturn</span> <span class='ocrx_word' id='word_1_719' title='bbox 1557 5004 1622 5062; x_wconf 91' lang='lat' dir='ltr'>iilud</span> <span class='ocrx_word' id='word_1_720' title='bbox 1638 5014 1743 5077; x_wconf 87' lang='lat' dir='ltr'>tempus</span> <span class='ocrx_word' id='word_1_721' title='bbox 1763 5005 1792 5061; x_wconf 91' lang='lat' dir='ltr'>in</span> 
     </span>
     <span class='ocr_line' id='line_1_58' title="bbox 142 5093 1792 5173; baseline 0.004 -24"><span class='ocrx_word' id='word_1_722' title='bbox 142 5094 249 5151; x_wconf 88' lang='lat' dir='ltr'>illudet</span> <span class='ocrx_word' id='word_1_723' title='bbox 264 5094 479 5166; x_wconf 60' lang='lat' dir='ltr'>allaqueanda</span> <span class='ocrx_word' id='word_1_724' title='bbox 489 5104 518 5151; x_wconf 87' lang='lat' dir='ltr'>et</span> <span class='ocrx_word' id='word_1_725' title='bbox 531 5104 592 5165; x_wconf 88' lang='lat' dir='ltr'>post</span> <span class='ocrx_word' id='word_1_726' title='bbox 603 5093 706 5150; x_wconf 83' lang='lat' dir='ltr'>ctrtsu</span> <span class='ocrx_word' id='word_1_727' title='bbox 719 5106 834 5152; x_wconf 80' lang='lat' dir='ltr'>tuortent</span> <span class='ocrx_word' id='word_1_728' title='bbox 845 5110 942 5154; x_wconf 81' lang='lat' dir='ltr'>etene-</span> <span class='ocrx_word' id='word_1_729' title='bbox 992 5099 1051 5157; x_wconf 88' lang='lat' dir='ltr'>sola</span> <span class='ocrx_word' id='word_1_730' title='bbox 1073 5098 1184 5165; x_wconf 81' lang='lat' dir='ltr'>Galilaea</span> <span class='ocrx_word' id='word_1_731' title='bbox 1198 5141 1205 5168; x_wconf 89' lang='lat'>,</span> <span class='ocrx_word' id='word_1_732' title='bbox 1219 5114 1251 5157; x_wconf 89' lang='lat' dir='ltr'>ae</span> <span class='ocrx_word' id='word_1_733' title='bbox 1262 5114 1325 5156; x_wconf 90' lang='lat' dir='ltr'>oum</span> <span class='ocrx_word' id='word_1_734' title='bbox 1347 5097 1507 5171; x_wconf 88' lang='lat' dir='ltr'>quibusdam</span> <span class='ocrx_word' id='word_1_735' title='bbox 1530 5106 1634 5155; x_wconf 87' lang='lat' dir='ltr'>tanturn</span> <span class='ocrx_word' id='word_1_736' title='bbox 1652 5097 1792 5173; x_wconf 78' lang='lat' dir='ltr'>discipulis</span> 
     </span>
     <span class='ocr_line' id='line_1_59' title="bbox 141 5187 1793 5263; baseline 0.003 -20"><span class='ocrx_word' id='word_1_737' title='bbox 141 5197 214 5254; x_wconf 88' lang='lat' dir='ltr'>rant,</span> <span class='ocrx_word' id='word_1_738' title='bbox 227 5202 243 5242; x_wconf 87' lang='lat' dir='ltr'>a</span> <span class='ocrx_word' id='word_1_739' title='bbox 256 5188 368 5243; x_wconf 84' lang='lat' dir='ltr'>notariis</span> <span class='ocrx_word' id='word_1_740' title='bbox 381 5187 504 5259; x_wconf 86' lang='lat' dir='ltr'>publicis,</span> <span class='ocrx_word' id='word_1_741' title='bbox 518 5197 565 5243; x_wconf 82' lang='lat' dir='ltr'>sut</span> <span class='ocrx_word' id='word_1_742' title='bbox 578 5188 638 5243; x_wconf 85' lang='lat' dir='ltr'>aliis</span> <span class='ocrx_word' id='word_1_743' title='bbox 652 5188 788 5259; x_wconf 78' lang='lat' dir='ltr'>descripta</span> <span class='ocrx_word' id='word_1_744' title='bbox 800 5190 828 5245; x_wconf 88' lang='lat' dir='ltr'>in</span> <span class='ocrx_word' id='word_1_745' title='bbox 837 5206 943 5247; x_wconf 82' lang='lat' dir='ltr'>cerunt·</span> <span class='ocrx_word' id='word_1_746' title='bbox 992 5194 1049 5249; x_wconf 94' lang='lat' dir='ltr'>suis</span> <span class='ocrx_word' id='word_1_747' title='bbox 1065 5204 1185 5250; x_wconf 83' lang='lat' dir='ltr'>uersatus</span> <span class='ocrx_word' id='word_1_748' title='bbox 1199 5193 1260 5249; x_wconf 86' lang='lat' dir='ltr'>esti</span> <span class='ocrx_word' id='word_1_749' title='bbox 1270 5192 1364 5249; x_wconf 88' lang='lat' dir='ltr'>Nouae</span> <span class='ocrx_word' id='word_1_750' title='bbox 1374 5201 1401 5249; x_wconf 86' lang='lat' dir='ltr'>et</span> <span class='ocrx_word' id='word_1_751' title='bbox 1414 5191 1490 5261; x_wconf 90' lang='lat' dir='ltr'>alibi,</span> <span class='ocrx_word' id='word_1_752' title='bbox 1501 5200 1528 5247; x_wconf 89' lang='lat' dir='ltr'>et</span> <span class='ocrx_word' id='word_1_753' title='bbox 1541 5192 1664 5249; x_wconf 85' lang='lat' dir='ltr'>omnibus</span> <span class='ocrx_word' id='word_1_754' title='bbox 1678 5191 1793 5263; x_wconf 87' lang='lat' dir='ltr'>discipu·</span> 
     </span>
     <span class='ocr_line' id='line_1_60' title="bbox 141 5279 1791 5362; baseline 0.002 -25"><span class='ocrx_word' id='word_1_755' title='bbox 141 5279 203 5338; x_wconf 86' lang='lat' dir='ltr'>dent</span> <span class='ocrx_word' id='word_1_756' title='bbox 215 5281 355 5353; x_wconf 73' lang='lat' dir='ltr'>gentilium</span> <span class='ocrx_word' id='word_1_757' title='bbox 371 5280 489 5339; x_wconf 78' lang='lat' dir='ltr'>arabitis</span> <span class='ocrx_word' id='word_1_758' title='bbox 498 5282 685 5340; x_wconf 71' lang='lat' dir='ltr'>servabantur.</span> <span class='ocrx_word' id='word_1_759' title='bbox 698 5282 765 5351; x_wconf 78' lang='lat' dir='ltr'>Quat</span> <span class='ocrx_word' id='word_1_760' title='bbox 779 5294 868 5339; x_wconf 88' lang='lat' dir='ltr'>autem</span> <span class='ocrx_word' id='word_1_761' title='bbox 883 5286 941 5341; x_wconf 79' lang='lat' dir='ltr'>lanc</span> <span class='ocrx_word' id='word_1_762' title='bbox 992 5286 1026 5343; x_wconf 91' lang='lat' dir='ltr'>iis</span> <span class='ocrx_word' id='word_1_763' title='bbox 1038 5286 1182 5362; x_wconf 82' lang='lat' dir='ltr'>apparuit?</span> <span class='ocrx_word' id='word_1_764' title='bbox 1193 5284 1246 5347; x_wconf 87' lang='lat' dir='ltr'>Sed</span> <span class='ocrx_word' id='word_1_765' title='bbox 1261 5284 1452 5353; x_wconf 85' lang='lat' dir='ltr'>Tertullianus,</span> <span class='ocrx_word' id='word_1_766' title='bbox 1466 5284 1528 5355; x_wconf 86' lang='lat' dir='ltr'>quia</span> <span class='ocrx_word' id='word_1_767' title='bbox 1541 5284 1567 5339; x_wconf 91' lang='lat' dir='ltr'>in</span> <span class='ocrx_word' id='word_1_768' title='bbox 1581 5282 1634 5341; x_wconf 87' lang='lat' dir='ltr'>boc</span> <span class='ocrx_word' id='word_1_769' title='bbox 1646 5283 1716 5351; x_wconf 86' lang='lat' dir='ltr'>libro</span> <span class='ocrx_word' id='word_1_770' title='bbox 1727 5284 1791 5343; x_wconf 90' lang='lat' dir='ltr'>bre-</span> 
     </span>
     <span class='ocr_line' id='line_1_61' title="bbox 141 5375 1791 5459; baseline 0 -28"><span class='ocrx_word' id='word_1_771' title='bbox 141 5377 197 5432; x_wconf 88' lang='lat' dir='ltr'>siat</span> <span class='ocrx_word' id='word_1_772' title='bbox 210 5376 318 5433; x_wconf 82' lang='lat' dir='ltr'>archita</span> <span class='ocrx_word' id='word_1_773' title='bbox 331 5377 390 5452; x_wconf 82' lang='lat' dir='ltr'>sire</span> <span class='ocrx_word' id='word_1_774' title='bbox 400 5391 509 5444; x_wconf 77' lang='lat' dir='ltr'>areant,</span> <span class='ocrx_word' id='word_1_775' title='bbox 524 5392 558 5433; x_wconf 88' lang='lat' dir='ltr'>an</span> <span class='ocrx_word' id='word_1_776' title='bbox 573 5376 811 5433; x_wconf 76' lang='lat' dir='ltr'>bomattmurnrei</span> <span class='ocrx_word' id='word_1_777' title='bbox 825 5377 940 5434; x_wconf 87' lang='lat' dir='ltr'>aliorum</span> <span class='ocrx_word' id='word_1_778' title='bbox 992 5378 1067 5436; x_wconf 82' lang='lat' dir='ltr'>vitati</span> <span class='ocrx_word' id='word_1_779' title='bbox 1082 5378 1217 5448; x_wconf 87' lang='lat' dir='ltr'>studebat,</span> <span class='ocrx_word' id='word_1_780' title='bbox 1232 5394 1285 5435; x_wconf 91' lang='lat' dir='ltr'>non</span> <span class='ocrx_word' id='word_1_781' title='bbox 1297 5378 1325 5435; x_wconf 93' lang='lat' dir='ltr'>id</span> <span class='ocrx_word' id='word_1_782' title='bbox 1338 5376 1444 5459; x_wconf 81' lang='lat' dir='ltr'>quidem</span> <span class='ocrx_word' id='word_1_783' title='bbox 1457 5385 1547 5449; x_wconf 75' lang='lat' dir='ltr'>negat,</span> <span class='ocrx_word' id='word_1_784' title='bbox 1558 5390 1590 5431; x_wconf 87' lang='lat' dir='ltr'>ae</span> <span class='ocrx_word' id='word_1_785' title='bbox 1601 5391 1660 5449; x_wconf 79' lang='lat' dir='ltr'>qua</span> <span class='ocrx_word' id='word_1_786' title='bbox 1673 5375 1699 5431; x_wconf 92' lang='lat' dir='ltr'>in</span> <span class='ocrx_word' id='word_1_787' title='bbox 1714 5375 1791 5434; x_wconf 87' lang='lat' dir='ltr'>Gali·</span> 
     </span>
     <span class='ocr_line' id='line_1_62' title="bbox 142 5469 1792 5543; baseline -0.001 -17"><span class='ocrx_word' id='word_1_788' title='bbox 142 5470 291 5542; x_wconf 76' lang='lat' dir='ltr'>gentilium,</span> <span class='ocrx_word' id='word_1_789' title='bbox 307 5470 397 5526; x_wconf 84' lang='lat' dir='ltr'>erbis</span> <span class='ocrx_word' id='word_1_790' title='bbox 414 5469 525 5525; x_wconf 83' lang='lat' dir='ltr'>lorsitan</span> <span class='ocrx_word' id='word_1_791' title='bbox 545 5470 633 5541; x_wconf 75' lang='lat' dir='ltr'>colligi</span> <span class='ocrx_word' id='word_1_792' title='bbox 654 5471 764 5541; x_wconf 73' lang='lat' dir='ltr'>poterit,</span> <span class='ocrx_word' id='word_1_793' title='bbox 779 5486 839 5541; x_wconf 77' lang='lat' dir='ltr'>qam</span> <span class='ocrx_word' id='word_1_794' title='bbox 859 5472 940 5543; x_wconf 78' lang='lat' dir='ltr'>paulo</span> <span class='ocrx_word' id='word_1_795' title='bbox 993 5471 1044 5531; x_wconf 79' lang='lat' dir='ltr'>lea</span> <span class='ocrx_word' id='word_1_796' title='bbox 1066 5482 1129 5532; x_wconf 89' lang='lat' dir='ltr'>sunt</span> <span class='ocrx_word' id='word_1_797' title='bbox 1150 5482 1220 5540; x_wconf 87' lang='lat' dir='ltr'>acta,</span> <span class='ocrx_word' id='word_1_798' title='bbox 1245 5486 1370 5539; x_wconf 82' lang='lat' dir='ltr'>narrasse</span> <span class='ocrx_word' id='word_1_799' title='bbox 1389 5470 1441 5531; x_wconf 88' lang='lat' dir='ltr'>sibi</span> <span class='ocrx_word' id='word_1_800' title='bbox 1455 5471 1520 5528; x_wconf 90' lang='lat' dir='ltr'>satis</span> <span class='ocrx_word' id='word_1_801' title='bbox 1543 5484 1603 5535; x_wconf 81' lang='lat' dir='ltr'>csse</span> <span class='ocrx_word' id='word_1_802' title='bbox 1622 5470 1738 5527; x_wconf 87' lang='lat' dir='ltr'>censuit.</span> <span class='ocrx_word' id='word_1_803' title='bbox 1755 5470 1792 5527; x_wconf 79' lang='lat' dir='ltr'>lt</span> 
     </span>
     <span class='ocr_line' id='line_1_63' title="bbox 141 5560 1788 5639; baseline -0.001 -20"><span class='ocrx_word' id='word_1_804' title='bbox 141 5572 204 5635; x_wconf 90' lang='lat' dir='ltr'>post</span> <span class='ocrx_word' id='word_1_805' title='bbox 221 5562 342 5621; x_wconf 85' lang='lat' dir='ltr'>dicemus</span> <span class='ocrx_word' id='word_1_806' title='bbox 352 5563 388 5621; x_wconf 89' lang='lat' dir='ltr'>de</span> <span class='ocrx_word' id='word_1_807' title='bbox 405 5562 484 5630; x_wconf 83' lang='lat' dir='ltr'>Pilati</span> <span class='ocrx_word' id='word_1_808' title='bbox 497 5560 531 5619; x_wconf 90' lang='lat' dir='ltr'>ad</span> <span class='ocrx_word' id='word_1_809' title='bbox 545 5561 683 5621; x_wconf 85' lang='lat' dir='ltr'>Tiberium</span> <span class='ocrx_word' id='word_1_810' title='bbox 696 5563 889 5636; x_wconf 84' lang='lat' dir='ltr'>imperatorem</span> <span class='ocrx_word' id='word_1_811' title='bbox 902 5566 937 5623; x_wconf 91' lang='lat' dir='ltr'>de</span> <span class='ocrx_word' id='word_1_812' title='bbox 992 5564 1153 5639; x_wconf 73' lang='lat' dir='ltr'>Cyprianus,</span> <span class='ocrx_word' id='word_1_813' title='bbox 1167 5562 1289 5637; x_wconf 85' lang='lat' dir='ltr'>quamtis</span> <span class='ocrx_word' id='word_1_814' title='bbox 1302 5562 1375 5620; x_wconf 89' lang='lat' dir='ltr'>ilium</span> <span class='ocrx_word' id='word_1_815' title='bbox 1389 5574 1527 5637; x_wconf 86' lang='lat' dir='ltr'>sequatur,</span> <span class='ocrx_word' id='word_1_816' title='bbox 1546 5577 1599 5619; x_wconf 92' lang='lat' dir='ltr'>non</span> <span class='ocrx_word' id='word_1_817' title='bbox 1613 5570 1666 5619; x_wconf 88' lang='lat' dir='ltr'>tant</span> <span class='ocrx_word' id='word_1_818' title='bbox 1681 5561 1788 5634; x_wconf 89' lang='lat' dir='ltr'>stricte,</span> 
     </span>
     <span class='ocr_line' id='line_1_64' title="bbox 140 5654 1788 5733; baseline 0.001 -22"><span class='ocrx_word' id='word_1_819' title='bbox 140 5654 251 5712; x_wconf 84' lang='lat' dir='ltr'>Christo</span> <span class='ocrx_word' id='word_1_820' title='bbox 268 5655 396 5723; x_wconf 81' lang='lat' dir='ltr'>litteris.¹</span> <span class='ocrx_word' id='word_1_821' title='bbox 991 5657 1040 5717; x_wconf 85' lang='lat' dir='ltr'>sed</span> <span class='ocrx_word' id='word_1_822' title='bbox 1067 5656 1232 5733; x_wconf 63' lang='lat' dir='ltr'>,generaliter</span> <span class='ocrx_word' id='word_1_823' title='bbox 1257 5656 1392 5729; x_wconf 86' lang='lat' dir='ltr'>scripsit:</span> <span class='ocrx_word' id='word_1_824' title='bbox 1416 5654 1543 5731; x_wconf 79' lang='lat' dir='ltr'>Apparuit</span> <span class='ocrx_word' id='word_1_825' title='bbox 1573 5656 1707 5729; x_wconf 79' lang='lat' dir='ltr'>discipulis</span> <span class='ocrx_word' id='word_1_826' title='bbox 1734 5656 1788 5713; x_wconf 85' lang='lat' dir='ltr'>suis</span> 
     </span>
    </p>

    <p class='ocr_par' dir='ltr' id='par_1_9' title="bbox 138 5744 1790 5925">
     <span class='ocr_line' id='line_1_65' title="bbox 176 5744 1790 5828; baseline 0.004 -28"><span class='ocrx_word' id='word_1_827' title='bbox 176 5745 362 5807; x_wconf 83' lang='lat' dir='ltr'>intereavero</span> <span class='ocrx_word' id='word_1_828' title='bbox 381 5744 626 5817; x_wconf 82' lang='lat' dir='ltr'>animadvertemus</span> <span class='ocrx_word' id='word_1_829' title='bbox 646 5763 743 5815; x_wconf 80' lang='lat' dir='ltr'>tatanus</span> <span class='ocrx_word' id='word_1_830' title='bbox 763 5748 940 5810; x_wconf 85' lang='lat' dir='ltr'>adhucalli-</span> <span class='ocrx_word' id='word_1_831' title='bbox 991 5750 1051 5808; x_wconf 86' lang='lat' dir='ltr'>talis</span> <span class='ocrx_word' id='word_1_832' title='bbox 1054 5788 1109 5805; x_wconf 89' lang='grc'><strong>.....</strong></span> <span class='ocrx_word' id='word_1_833' title='bbox 1124 5749 1209 5819; x_wconf 76' lang='lat' dir='ltr'>luerat</span> <span class='ocrx_word' id='word_1_834' title='bbox 1211 5786 1267 5807; x_wconf 92' lang='grc'><strong>.....</strong></span> <span class='ocrx_word' id='word_1_835' title='bbox 1280 5749 1314 5805; x_wconf 87' lang='lat' dir='ltr'>ud</span> <span class='ocrx_word' id='word_1_836' title='bbox 1327 5749 1381 5806; x_wconf 83' lang='lat' dir='ltr'>dier</span> <span class='ocrx_word' id='word_1_837' title='bbox 1391 5748 1564 5828; x_wconf 80' lang='lat' dir='ltr'>quadruplata</span> <span class='ocrx_word' id='word_1_838' title='bbox 1577 5759 1715 5809; x_wconf 79' lang='lat' dir='ltr'>emutatus</span> <span class='ocrx_word' id='word_1_839' title='bbox 1736 5758 1790 5819; x_wconf 72' lang='lat' dir='ltr'>est:</span> 
     </span>
     <span class='ocr_line' id='line_1_66' title="bbox 138 5831 1786 5925; baseline 0.002 -28"><span class='ocrx_word' id='word_1_840' title='bbox 138 5831 221 5917; x_wconf 76' lang='lat' dir='ltr'>gabio</span> <span class='ocrx_word' id='word_1_841' title='bbox 238 5840 324 5902; x_wconf 85' lang='lat' dir='ltr'>illatas</span> <span class='ocrx_word' id='word_1_842' title='bbox 345 5840 386 5901; x_wconf 88' lang='lat' dir='ltr'>bis</span> <span class='ocrx_word' id='word_1_843' title='bbox 398 5841 622 5914; x_wconf 85' lang='lat' dir='ltr'>subsequentibus</span> <span class='ocrx_word' id='word_1_844' title='bbox 642 5841 799 5901; x_wconf 87' lang='lat' dir='ltr'>Tertulliani</span> <span class='ocrx_word' id='word_1_845' title='bbox 828 5845 935 5901; x_wconf 83' lang='lat' dir='ltr'>serbis:</span> <span class='ocrx_word' id='word_1_846' title='bbox 990 5852 1017 5901; x_wconf 89' lang='lat' dir='ltr'>ut</span> <span class='ocrx_word' id='word_1_847' title='bbox 1032 5842 1063 5900; x_wconf 88' lang='lat' dir='ltr'>de</span> <span class='ocrx_word' id='word_1_848' title='bbox 1075 5858 1103 5898; x_wconf 89' lang='lat' dir='ltr'>eo</span> <span class='ocrx_word' id='word_1_849' title='bbox 1115 5840 1149 5899; x_wconf 87' lang='lat' dir='ltr'>atl</span> <span class='ocrx_word' id='word_1_850' title='bbox 1162 5850 1290 5925; x_wconf 83' lang='lat' dir='ltr'>praecepta</span> <span class='ocrx_word' id='word_1_851' title='bbox 1301 5840 1387 5901; x_wconf 90' lang='lat' dir='ltr'>uitalia</span> <span class='ocrx_word' id='word_1_852' title='bbox 1400 5842 1491 5901; x_wconf 85' lang='lat' dir='ltr'>instrui</span> <span class='ocrx_word' id='word_1_853' title='bbox 1502 5852 1612 5917; x_wconf 86' lang='lat' dir='ltr'>posteat,</span> <span class='ocrx_word' id='word_1_854' title='bbox 1625 5852 1647 5901; x_wconf 90' lang='lat' dir='ltr'>et</span> <span class='ocrx_word' id='word_1_855' title='bbox 1660 5842 1786 5903; x_wconf 80' lang='lat' dir='ltr'>discerent</span> 
     </span>
    </p>
   </div>
   <div class='ocr_carea' id='block_1_8' title="bbox 0 0 2046 6325">
    <p class='ocr_par' dir='ltr' id='par_1_10' title="bbox 0 0 2046 6325">
     <span class='ocr_line' id='line_1_67' title="bbox 0 0 2046 6325; baseline 0 0"><span class='ocrx_word' id='word_1_856' title='bbox 0 0 2046 6325; x_wconf 95' lang='lat' dir='ltr'> </span> 
     </span>
    </p>
   </div>
  </div>
 </body>
</html>
