4084 6334
211 272 265 331 esa
914 266 1146 351 rennuentem
1808 252 1864 329 ees

210 385 322 449 euenire
334 390 541 442 consueuerant.
558 381 688 451 Quotiens
709 382 782 439 enim
797 380 920 438 incendia
934 382 1009 438 riuos
1021 388 1048 447 Λ
1062 386 1113 454 pati
1130 393 1228 454 potest,
1244 385 1314 456 qarob
1331 386 1355 439 in
1374 400 1470 441 caussa
1488 386 1533 442 liei
1551 387 1604 457 pati
1616 387 1730 446 dubitat.
1754 389 1795 446 ld
1812 389 1865 448 lroe

211 488 398 560 coepeperunt
409 475 463 549 (ull
479 474 605 549 ortotiens
617 474 682 533 lero
696 484 723 532 et
737 476 764 531 in
776 476 852 531 siluis
871 480 928 531 suis
943 488 970 531 et
984 478 1010 531 in
1063 476 1171 546 paridem
1184 478 1226 532 uel
1241 478 1381 544 presentia
1396 478 1473 533 rrobis
1488 488 1606 549 tempora
1622 480 1782 538 doreumenta
1797 483 1864 547 siut,

211 572 308 644 melliti
320 568 579 638 maturiensibus
590 568 681 629 ursis
700 565 749 641 (b),
764 566 1011 635 laeminesderorn·
1061 577 1167 637 opinante
1183 568 1330 639 qualesque
1344 584 1468 639 porsnnzu
1491 570 1656 641 inopinatos,
1677 572 1818 640 natalibus,
1835 584 1864 631 et

209 649 324 737 uerprp'tl
345 670 411 741 (1le
430 676 446 725 a
468 659 616 722 latronibus
636 660 720 725 baro,
744 661 780 717 alt
792 658 914 719 hostibus
927 660 1009 717 etiam
1061 656 1245 730 digrritatiluu,
1265 668 1293 715 et
1313 660 1480 731 corporibus,
1500 671 1526 715 et
1548 662 1673 717 aetatibus
1694 664 1761 729 saris,
1774 664 1864 721 caitus

210 751 412 834 epaceczlitlcll'
427 759 487 831 sttui
501 793 508 815 .
524 751 587 807 torti
603 751 687 823 prius,
708 752 763 807 imo
775 761 803 809 ct
825 751 900 808 omni
914 763 1010 810 eontu-
1063 750 1193 817 celerant,
1208 750 1324 806 bominis
1336 765 1432 807 caussa
1447 768 1454 806 ε
1471 760 1517 808 ant
1531 751 1565 807 ab
1581 754 1649 822 ipso,
1663 753 1685 808 si
1697 764 1788 809 eontra
1803 770 1867 811 enm

213 844 291 914 melia
302 841 430 929 exppupti
441 838 482 914 (cl
496 840 599 907 lNcnro
621 856 674 903 raeti
687 842 767 899 ctiam
780 840 897 898 leontinis
913 855 1008 898 maresa
1064 842 1196 899 iecerint:
1213 854 1258 899 aut
1271 843 1305 899 ab
1317 842 1478 899 adversariis
1491 843 1561 917 ejus,
1582 844 1604 901 si
1622 861 1670 916 pro
1684 860 1717 902 eo
1730 846 1867 903 steterint.

886 954 1166 1031 comparamus

248 1072 287 1147 (nl
328 1072 408 1137 peries
423 1069 884 1126 enimioeemliooiooscremuoerent.
914 1068 1009 1123 Omisit
1062 1068 1088 1123 in
1106 1069 1347 1127 meatemduarum
1374 1085 1505 1127 savarum
1529 1088 1665 1139 ursarum,
1685 1073 1867 1145 quaslclen-

211 1148 291 1201 rrrttrb
324 1159 369 1198 rant
398 1140 576 1212 aeternandum
601 1142 770 1196 notatissimos
802 1140 957 1206 cruciatus,
983 1148 1010 1195 et
1062 1140 1550 1213 linianusAugustrrsnlubat‚carrnn
1575 1160 1675 1209 carens¹
1694 1143 1867 1217 jrrxuncubl-

212 1218 338 1283 leluipru,
354 1230 466 1285 quatum
486 1212 610 1269 inccndio
630 1215 786 1283 plerumque
799 1212 946 1283 tyrannicis
966 1221 1007 1267 te·
1061 1213 1151 1267 culum
1173 1228 1250 1267 surum
1275 1212 1365 1267 locare
1385 1214 1491 1268 solitus.
1507 1216 1593 1270 Alteri
1610 1215 1684 1271 ilion
1711 1232 1799 1273 aureae
1815 1234 1867 1272 ne-

212 1272 307 1354 ruiue,
332 1300 406 1368 copae
432 1284 598 1359 diuturniora
621 1301 628 1351 ;
653 1282 723 1350 pund
750 1283 889 1355 eleganter
913 1282 1008 1340 oloser-
1062 1300 1123 1337 mon
1147 1295 1221 1353 erat,
1238 1284 1316 1343 :rltcri
1339 1284 1513 1342 Innocentio.
1537 1286 1635 1343 lloltus
1660 1288 1712 1343 ilice
1739 1290 1870 1346 mortales

213 1358 286 1413 uouit
298 1343 497 1428 arl'kprctotum
508 1371 585 1409 sarram
606 1356 746 1428 Arrianus,
760 1354 804 1408 lilt.
822 1353 851 1409 ll
869 1372 875 1410 :
891 1356 1010 1409 obitam
1063 1354 1207 1429 initiarunt,
1224 1356 1328 1413 ridente
1343 1366 1371 1427 et
1390 1357 1439 1410 luae
1458 1358 1561 1414 saeuitia
1588 1358 1721 1414 delectato
1735 1360 1868 1431 principe.

215 1434 288 1491 ιῦδιὶς
301 1429 410 1498 ripeta-ree
421 1434 448 1493 ἶζ
462 1425 523 1495 peel
533 1450 586 1483 crau
600 1432 693 1496 ἔπραξε,
710 1434 807 1497 πυρετὸς
819 1430 844 1477 ὁὶ
856 1428 898 1479 καὶ
911 1430 1010 1493 toiobre
1064 1430 1163 1481 Altclot·
1176 1428 1331 1480 Atttttlitttttls'
1347 1424 1464 1481 Marcell.
1481 1428 1526 1483 llil.
1539 1428 1583 1484 59.
1600 1428 1686 1485 Ratun.

213 1510 339 1561 πολλάκις.
372 1498 473 1569 illirium
500 1501 537 1555 ait
567 1496 630 1551 nilril
664 1497 767 1551 relerre
797 1510 849 1566 qua
875 1495 917 1549 via
946 1510 1010 1563 pcr-
1100 1496 1869 1569 (c)Orrrrricoutumeliueeprrtncti.llicaradisTertnlliaui

214 1574 337 1635 rutilatur
353 1570 385 1623 orl
411 1580 535 1632 antoricus.
551 1568 616 1627 latro.
636 1569 657 1630 ,si
684 1582 778 1634 acrium
792 1571 925 1640 autrannus,
951 1581 1009 1623 carra
1065 1569 1192 1634 acrlrrun,
1209 1569 1341 1641 significat
1355 1569 1421 1625 nibil
1441 1572 1610 1627 corruumuae
1626 1575 1755 1629 corissum
1771 1615 1779 1641 ,
1796 1574 1870 1646 quod

213 1659 277 1702 esse
290 1642 450 1716 incalerent.
466 1656 515 1701 narra
535 1638 594 1695 dauci
608 1636 683 1711 jnlrct
698 1650 836 1709 aperimus.
852 1636 913 1695 Rue.
1065 1640 1103 1694 illi
1119 1657 1170 1714 trop
1185 1642 1239 1707 sint
1253 1641 1382 1713 perpessi.
1397 1640 1483 1697 llucn

249 1714 289 1787 (b)
300 1710 332 1767 Et
342 1714 368 1767 in
376 1708 802 1780 nrediiscioitetibuselopsucuoeis.
813 1708 861 1764 llic
869 1707 1012 1763 uerritmilri
1028 1700 1051 1764 B
1443 1716 1446 1721 '

431 2037 619 2125 uulnus
644 2034 897 2125 socruum
922 1990 1232 2112 erenuuuts
1256 1974 1626 2110 renunculum

637 2231 773 2381 DE
806 2222 1487 2384 SPECTACULIS

918 2477 1186 2616 ernon.

962 2674 1175 2749 samo

248 2818 315 2879 Cum
337 2839 391 2879 non
408 2824 501 2879 Remze
512 2828 609 2901 sotum,
623 2822 670 2878 seul
685 2837 733 2892 per
753 2819 904 2891 prouincias
926 2817 1007 2873 etiam
1060 2814 1195 2869 ertcoitetea
1209 2816 1259 2869 sint
1273 2831 1313 2871 res
1328 2831 1343 2867 e
1357 2814 1411 2871 Deo
1432 2824 1535 2883 create,
1552 2824 1633 2886 atque
1649 2822 1794 2887 propterea
1811 2829 1866 2871 non

211 2923 321 2988 propter
339 2912 433 2971 Sereni
447 2912 573 2993 rculitum,
588 2906 782 2981 uictoriamque
800 2908 836 2965 de
851 2908 947 2965 Albino
961 2920 1008 2962 re·
1061 2904 1243 2977 repudiandae,
1281 2906 1431 2977 exceptioni
1456 2906 1634 2979 qarorumdam
1658 2896 1866 2961 etrrisrianorum

211 3018 343 3078 portatam
363 3007 506 3065 ederentur
533 3005 695 3077 spectacula,
716 3004 800 3060 libros
816 3002 851 3058 dc
866 3001 1008 3073 Spretoeu·
1061 3000 1255 3067 asscrentirun‚
1279 3000 1306 3055 in
1332 3000 1475 3075 Scriptura
1493 3016 1568 3057 sacra
1588 3000 1680 3056 nullibi
1702 3000 1864 3071 spectaculis

211 3098 244 3153 lis
257 3109 283 3171 ct
304 3097 502 3155 deidelolotrio
516 3113 547 3154 eo
561 3094 852 3166 occasionescripsisse
864 3091 1007 3147 Tertullia·
1061 3093 1156 3148 adosse
1185 3106 1312 3161 exprrcsse
1340 3092 1496 3165 prohiberi.
1512 3094 1622 3163 opponit
1650 3092 1694 3149 illa
1713 3092 1778 3163 regii
1798 3092 1865 3147 l‘ro·

123 3220 127 3225 ·
210 3207 277 3265 natm
292 3188 332 3247 ct.
346 3191 495 3248 Noesseltus
509 3186 716 3270 mirrensium.
735 3184 862 3264 Nonnulli
883 3183 1007 3255 equidem
1022 3178 1045 3242 C
1063 3184 1150 3254 pltetm
1162 3203 1169 3240 :
1183 3182 1333 3253 Beatusoir,
1346 3187 1448 3255 peritton
1459 3186 1557 3240 obiitin
1568 3186 1863 3257 coneiliruuimpierunr,

211 3259 365 3355 cerrjectant
387 3286 485 3340 libatam
510 3283 544 3340 de
575 3282 736 3353 Spectaculis
767 3267 1009 3336 alos'Tertulliano
1062 3288 1086 3333 et
1100 3279 1125 3333 in
1141 3278 1181 3333 uio
1193 3286 1354 3349 peecatorum
1366 3296 1417 3334 een
1430 3280 1509 3344 stetit,
1525 3288 1549 3332 et
1568 3280 1595 3333 in
1608 3278 1729 3353 astiredae
1745 3279 1866 3349 pestilen-

211 3381 389 3452 compositum
410 3379 494 3436 luisse
518 3379 545 3434 in
563 3380 755 3445 montanismo,
780 3374 842 3446 quia
865 3375 891 3429 in
916 3371 1010 3427 illeiis
1063 3372 1105 3425 tie
1115 3387 1165 3425 riou
1177 3370 1251 3427 sebit.
1263 3370 1343 3425 alulit
1354 3371 1415 3445 alein¹
1427 3372 1460 3453 ati
1476 3372 1545 3427 lirano
1560 3371 1648 3445 iungam
1660 3371 1747 3427 teneri
1759 3370 1863 3438 fideles,

211 3473 350 3547 srrffragari
366 3475 478 3540 ridetur,
490 3474 534 3544 qrri
551 3471 729 3547 revelationes
744 3471 870 3541 petebant
886 3464 1009 3539 (Terruit.
1064 3464 1124 3534 quia
1139 3478 1235 3534 aqrram
1250 3464 1363 3534 ingressi
1387 3464 1468 3519 libem
1497 3464 1612 3535 prolcssi
1625 3473 1704 3528 sont,
1722 3474 1749 3519 et
1765 3480 1865 3520 miruo-

211 3568 257 3641 b'b.
272 3568 304 3622 de
316 3566 418 3640 Spera,
431 3584 489 3638 cup.
510 3567 567 3639 29).
591 3566 688 3621 ilerum
704 3564 765 3646 quis
778 3563 873 3626 nescit.
896 3570 924 3640 ct
936 3563 1010 3632 ipsos
1063 3553 1145 3611 tinssc
1160 3556 1277 3623 diabolo,
1292 3564 1318 3635 et
1332 3566 1476 3627 pompaei
1490 3556 1591 3627 angelis
1602 3558 1661 3649 ejus
1678 3571 1726 3611 ore
1738 3570 1786 3611 suo
1799 3571 1865 3611 con·

213 3647 342 3717 Ecclesiae
355 3660 495 3716 eatlrolicac
508 3670 641 3731 nrartyres
657 3656 835 3714 revelationes
850 3670 865 3709 a
878 3654 932 3710 [leo
948 3667 1010 3723 pros·
1064 3650 1153 3705 testati
1167 3658 1245 3713 suut,
1269 3657 1297 3704 et
1310 3649 1387 3704 tucos
1401 3640 1435 3704 ‘ac
1455 3650 1606 3719 spectacula
1630 3646 1664 3704 ad
1685 3648 1865 3705 idololatriam

213 3751 324 3815 ululasse,
341 3760 369 3807 ut
383 3752 474 3807 tollere
487 3761 530 3809 est
543 3751 568 3806 in
581 3752 649 3807 actis
659 3759 812 3806 minearum
829 3748 969 3819 Perpetuo
984 3754 1012 3801 et
1065 3741 1199 3812 pertinere
1209 3740 1334 3807 alliceret,
1350 3755 1365 3795 a
1381 3756 1433 3811 qua
1448 3730 1580 3812 originem
1596 3756 1670 3797 suam
1686 3743 1800 3797 traxisse
1812 3741 1861 3799 ue-

216 3842 363 3901 Felicitatis
376 3842 469 3914 (aaa
477 3840 507 3896 γ’.
528 3842 592 3896 Aeto
604 3843 713 3908 sincero,
727 3838 852 3903 liuinort,·
873 3856 933 3909 pap.
949 3838 1008 3907 87);
1064 3840 1210 3899 ntorrstrat,
1226 3840 1305 3903 utque
1324 3833 1449 3889 loduicum
1463 3834 1590 3916 nentina,
1605 3832 1763 3889 eorumdem
1777 3848 1862 3905 appa-

215 3936 281 4003 ane
295 3934 400 4006 publice
423 3938 448 3989 iu
464 3935 584 3992 collectis
608 3934 766 4001 legebantur
788 3930 956 4002 temporibus
978 3930 1010 3985 l).
1065 3934 1151 3981 ratium
1176 3927 1389 3995 idololatricam,
1404 3927 1462 3984 loca
1478 3928 1680 3999 superstitiosa,
1695 3936 1723 3983 ut
1737 3936 1809 3984 artes
1823 3942 1866 3983 re·

212 4028 354 4099 Aargarstini
369 4027 516 4101 (lupustin.
533 4028 619 4083 Serm.
629 4026 715 4098 280)l
728 4023 816 4091 aedo,
829 4022 900 4096 qarocl
911 4009 946 4079 S.
958 4022 1011 4094 Cy·
1063 4034 1164 4098 censet.
1184 4022 1221 4078 lie
1231 4023 1302 4079 cirea
1313 4024 1450 4080 disserens
1464 4025 1519 4080 ait:
1535 4024 1658 4093 quamuis
1671 4024 1759 4079 circus
1771 4020 1861 4090 idelis,

212 4120 321 4187 prinnus
340 4133 469 4188 expresse
490 4128 602 4180 asserat.
622 4098 794 4190 consessores
806 4098 847 4190 ilc⁸
860 4114 1012 4194 irroraripenti
1065 4126 1093 4172 ct
1108 4118 1408 4189 signis'superstitiesis
1430 4126 1504 4175 osset
1518 4118 1661 4189 impletus,
1688 4101 1865 4175 nihilominus

214 4226 310 4267 eorum
328 4211 457 4283 martyrio
471 4226 518 4280 per
535 4211 666 4267 uisionern
679 4207 915 4289 supeadruouitus
929 4206 1011 4263 luisse
1065 4210 1227 4265 christianos
1240 4223 1315 4265 extra
1335 4212 1549 4281 spectaculorum
1562 4220 1668 4281 tempus
1681 4211 1740 4265 siue
1752 4210 1867 4267 crimine

213 4303 348 4374 (cpperiar.
366 4303 451 4371 Epist,
463 4302 504 4359 Xl
525 4312 552 4358 et
563 4302 589 4357 Χ
597 4301 657 4371 tt).
674 4286 741 4359 litut
759 4313 850 4362 nutem
874 4302 931 4358 luce
946 4300 1009 4366 siut,
1042 4320 1048 4329 ·
1065 4301 1265 4372 possumusne,
1282 4303 1386 4361 sicutiu
1398 4303 1455 4373 ipso
1467 4303 1565 4383 templu
1577 4303 1719 4367 intrarent,
1735 4302 1758 4359 si
1770 4317 1866 4359 caussa

213 4408 288 4454 certe
301 4397 487 4468 scopuslrujns
500 4405 627 4452 tractatus
649 4395 698 4451 brit
715 4394 784 4467 apud
802 4394 1009 4460 Tertullianum,
1064 4382 1181 4451 initiandi
1204 4398 1283 4467 culpa
1309 4405 1394 4452 uocet.
1411 4396 1448 4453 lie
1471 4399 1544 4453 circo
1572 4396 1713 4452 trartsitatl
1732 4395 1866 4461 theatrum

212 4491 383 4556 christianos,
394 4486 928 4561 ipsosquccotcclmmenosaspectaculis
944 4501 1010 4543 auo·
1065 4489 1263 4559 particulariter
1273 4490 1372 4547 Veneri
1386 4500 1411 4545 et
1421 4490 1528 4547 Baccho
1542 4501 1743 4552 consecratum:
1760 4489 1822 4546 inde
1832 4490 1866 4544 orl
1885 4504 1888 4508 ’

211 4598 287 4651 carc,
297 4582 595 4652 mirrnrpstmurlonuam
606 4578 786 4638 inserecruttlo
795 4578 1011 4648 siortuiusrnout
1025 4548 1051 4611 D
1064 4584 1224 4639 atlrletarnm
1246 4586 1392 4663 certaniina
1405 4598 1455 4638 suo
1474 4600 1588 4655 quareque
1602 4584 1703 4639 narrarini
1718 4594 1823 4639 morata
1836 4592 1867 4640 et

212 4676 419 4738 oblectamenta,
436 4689 506 4753 percu
520 4674 623 4744 pietati,
639 4672 775 4745 cultorique
801 4672 910 4739 sincero¹
929 4687 1009 4746 quern
1064 4676 1179 4745 donique
1193 4676 1227 4730 eu
1252 4676 1426 4752 gladiatores,
1443 4675 1489 4755 quui
1512 4690 1590 4732 saraim
1616 4676 1722 4746 pompis
1747 4674 1867 4732 lurrercis

209 4771 270 4846 ,ooo
293 4756 434 4853 debemus,
469 4749 612 4850 cqrriraria,
636 4778 716 4833 atoue
745 4767 778 4822 iis
802 4768 884 4834 etiam
914 4764 1011 4832 iniusta
1064 4750 1867 4841 originenrrlebcbant;ultimalnocspectaculaadstrophi-

213 4866 258 4936 qni
288 4863 376 4921 iustus
406 4863 518 4926 maledi,
555 4861 725 4932 uoluptates,
758 4876 791 4917 ac
830 4860 1010 4918 idololatriam
1064 4865 1196 4922 tlteatrum
1214 4866 1866 4938 pertinebantseulpraeteridololatriamoaus·

211 4957 360 5029 ejurarent.
376 4957 466 5013 Prinne
488 4957 542 5011 duo
566 4956 715 5026 prlaursibilia
737 4954 906 5010 ethnicorum
927 4969 1009 5025 argar-
1063 4958 1867 5030 samprincipalem,aliasaullruccurrantuemorntratioucsmb

210 5060 301 5109 menta
323 5060 454 5119 reclamet,
482 5067 594 5122 qnorum
610 5051 724 5123 primum
735 5066 756 5115 ε,
771 5046 847 5113 llibil
868 5048 1011 5118 obstrepere
1062 5066 1128 5121 paras
1142 5051 1320 5121 spectaculaa
1341 5051 1494 5109 christianis
1507 5052 1614 5107 uitanda
1629 5053 1694 5118 sint,
1712 5051 1860 5107 Periculum

209 5143 467 5215 recolorationem
481 5125 711 5207 etinconsriemin
725 5141 1011 5210 uutoaotauaeoetn-
1063 5142 1320 5201 scilicetamittemli
1337 5145 1467 5213 Spiritum
1486 5154 1609 5201 sarnetum
1635 5144 1661 5199 in
1684 5143 1866 5201 commotione
1896 5178 1903 5189 ·

210 5235 435 5313 marcenniacum,
453 5235 493 5291 ecl
511 5238 630 5298 uaricum,
659 5251 704 5289 nee
728 5250 787 5289 earo
808 5233 891 5288 Derim
913 5231 1011 5299 efferrdi
1063 5236 1220 5307 pressionem
1251 5238 1566 5302 uestrarum3demeum
1582 5236 1866 5309 tenrporisclrristiuno

210 5326 376 5383 oblectatione
388 5328 507 5405 lrooniais.
522 5328 693 5384 Seeutnlum:
717 5326 888 5391 Cirristienon
903 5326 1009 5397 expetii·
1064 5330 1134 5397 atlce
1150 5322 1278 5400 pretiosi;
1291 5330 1415 5399 injurius,
1433 5314 1586 5396 nraledieta,
1597 5330 1755 5395 calumnias,
1766 5340 1792 5385 et
1802 5343 1867 5383 cen-

210 5430 265 5482 tem
276 5420 350 5476 nrorti
364 5435 453 5493 penus,
467 5421 501 5478 ud
514 5421 579 5488 bunc
593 5420 786 5492 obstinationem
799 5420 896 5475 erudiri
907 5419 1011 5473 obulco·
1066 5422 1144 5477 vicio.
1159 5420 1196 5478 ltu
1211 5423 1310 5493 quippe
1323 5422 1430 5491 publice
1445 5423 1536 5478 omitia
1550 5422 1664 5479 caelando
1679 5420 1865 5494 produceban-

210 5512 279 5567 tione
290 5512 448 5583 uoluptatum
460 5528 511 5582 quo
524 5513 626 5582 lucilius
637 5514 713 5567 uitam
727 5520 902 5577 contemnent,
914 5527 1009 5581 corpu·
1066 5522 1118 5581 tur,
1132 5528 1191 5584 quae
1206 5512 1270 5568 alibi
1279 5508 1382 5569 sarnrma
1395 5528 1459 5571 cura
1472 5514 1688 5570 occultabantur.
1703 5514 1836 5582 Quantum
1850 5526 1866 5567 a

210 5606 270 5674 totio
282 5605 354 5675 quun
366 5605 515 5661 retinaculis
527 5606 593 5676 ejus.
611 5605 728 5675 Explosn
750 5604 812 5659 dein
829 5604 880 5659 alia
895 5603 1008 5659 ridicula
1064 5618 1128 5660 sana
1144 5605 1247 5661 ratione
1263 5604 1422 5672 obhorreat,
1451 5606 1586 5673 ostendit,
1603 5622 1635 5663 ea
1654 5608 1680 5661 in
1705 5604 1865 5677 spectaculis

210 5694 360 5764 eluiectione
387 5712 570 5769 paganorum,
595 5696 666 5768 qnod
693 5696 784 5752 onruia
811 5714 871 5768 quau
903 5682 1008 5751 tboatro
1063 5696 1159 5767 eupirle
1173 5712 1310 5769 quaerere,
1325 5713 1384 5769 rpuae
1409 5682 1632 5769 iureliquouite
1652 5696 1813 5759 cerrrmercio
1827 5695 1868 5750 ui·

208 5786 369 5858 inseruiunt‚
393 5798 470 5860 tenu,
489 5801 564 5855 mee,
589 5790 683 5859 leones,
706 5788 918 5866 eireo'eorporie
943 5789 1009 5844 noeis
1063 5788 1127 5847 dure
1150 5790 1191 5847 uel
1211 5790 1379 5849 committere
1401 5790 1488 5863 pudor
1506 5800 1533 5848 et
1555 5791 1652 5849 borres
1672 5800 1771 5849 uetant.
1796 5791 1865 5850 Tum
