4084 6334
104 293 177 362 ists
596 238 601 255 ⁵
723 286 828 349 utum
844 284 891 349 nn
908 263 1148 354 rtenvnenvtn.
1685 286 1759 352 teto

101 417 214 481 tannes
233 408 269 470 ita
282 422 344 473 cum
365 410 611 473 erubescentiasm
621 416 747 485 permnt.
761 407 1006 475 immersu-Asci
1021 408 1066 467 ubi
1080 406 1266 481 poenitendum
1288 412 1331 467 est
1348 405 1389 485 (lt)
1403 406 1506 470 desem
1529 404 1678 467 miserum:
1693 408 1758 484 goia

102 504 167 565 dum
185 503 289 567 scilicet
304 504 413 578 pudori,
433 504 548 563 Domino
565 502 671 563 oileum
686 502 851 573 satisfacere,
865 517 905 561 sa·
955 500 1055 561 lactum
1079 512 1123 559 est
1148 502 1276 561 salutaro.
1298 501 1427 561 lliserum
1440 509 1483 563 est
1496 502 1582 564 secari
1597 510 1624 562 ct
1637 503 1757 563 moterlo

101 596 151 655 luti
162 597 298 669 prodactae
311 598 452 659 reiormari
465 596 515 673 (α).
526 598 573 655 lim
589 606 615 654 ιιι
627 596 789 658 verecundia
802 597 902 665 bonus,
955 595 1047 664 cruri,
1063 606 1092 653 et
1109 595 1229 671 pulveris
1250 580 1373 669 alicujus
1385 595 1562 655 mordacitate
1573 594 1614 670 (6)
1624 595 1756 658 cruciari:

103 689 140 745 nd
160 689 371 763 delinquendum
390 690 545 765 expandens
561 691 691 763 iroutem,
704 691 740 749 ad
753 688 900 763 deprecari·
956 695 1125 763 omenque
1146 704 1194 762 per
1215 690 1405 749 insuavitatem
1430 689 1589 762 medentur,
1602 700 1630 751 ct
1652 690 1757 750 emolu·

101 781 168 841 dum
188 798 254 842 vero
274 783 438 845 subducens.
452 782 511 857 Ego
524 783 617 843 rubori
635 784 724 842 locum
739 797 794 841 non
815 781 903 852 lacio,
955 793 1049 840 mento
1062 782 1209 841 curationis
1220 782 1351 842 offensam
1368 783 1411 842 sui
1434 792 1580 856 excusant,
1595 794 1624 845 et
1636 800 1757 858 praesen

102 890 165 933 cnm
187 876 249 947 plus
270 874 305 938 de
325 875 489 933 detrimento
501 875 560 949 eius
571 875 702 951 acquiro,
718 872 759 949 (l)
769 888 830 933 cum
846 874 905 947 ipse
957 883 1013 935 tem
1027 875 1153 947 injuriam
1167 885 1372 951 superventum
1386 876 1509 936 utilitatis
1522 875 1607 955 gratia
1617 892 1757 938 conteneo·

102 967 241 1027 bominem
252 966 451 1044 quodammodo
459 968 674 1036 exhortatoriis
685 984 730 1027 me
742 967 904 1043 respexeris,
958 967 1033 1030 dant.

103 1062 210 1133 dicens,
221 1077 271 1137 per
281 1062 383 1122 temilni
393 1062 491 1121 melius
502 1071 544 1119 est
557 1062 655 1135 perire.
668 1061 748 1123 Certe
756 1060 906 1135 periculum
1268 1062 1383 1125 CAPUT
1402 1064 1451 1123 xl.

102 1154 162 1227 ejus
177 1154 288 1226 tunc,si
303 1153 385 1225 lente,
400 1168 544 1212 onerosum
558 1162 610 1224 est,
624 1168 685 1211 eum
699 1152 905 1227 penesinsulta-
994 1154 1063 1227 Quid
1077 1155 1101 1214 si
1114 1156 1378 1231 praeterpudorem,
1393 1174 1475 1233 quem
1491 1164 1624 1235 potiorem
1638 1167 1754 1233 putant,
1856 1162 1865 1179 ‘

101 1254 180 1305 turos
193 1248 220 1305 in
232 1247 373 1321 risiloquio
387 1248 521 1315 consistit,
542 1246 586 1305 ubi
602 1247 636 1307 de
651 1246 762 1307 alterius
775 1247 852 1305 ruma
864 1246 906 1303 al·
958 1248 1222 1328 etiam-incommoda
1230 1253 1352 1325 corporis
1364 1254 1552 1325 reformident,
1562 1255 1633 1330 quod
1645 1256 1756 1323 inlotos,

103 1352 146 1399 tcr
159 1342 303 1413 attollitur,
315 1343 361 1403 ubi
375 1352 510 1415 prostrato
523 1341 755 1415 superscenditur.
771 1338 904 1399 Caeterum
957 1343 1029 1417 quod
1052 1344 1240 1416 sordulentos,
1259 1348 1332 1421 good
1354 1358 1431 1409 extra
1450 1348 1572 1407 laetitiam
1596 1348 1632 1423 (()
1652 1358 1760 1423 oportet

102 1438 174 1495 inter
185 1437 283 1495 iratres
297 1445 542 1511 atqueconservos,
555 1437 600 1495 ubi
612 1436 764 1496 communis
776 1436 817 1509 (d)
830 1449 904 1509 spos,
957 1437 1115 1508 deversari,
1128 1439 1156 1495 in
1168 1439 1353 1511 asperitudine
1365 1441 1454 1508 sacci,
1470 1449 1498 1497 ct
1512 1440 1627 1499 lnorrore
1636 1442 1758 1511 cineris,

102 1540 203 1601 metus,
212 1530 351 1603 gaudium,
361 1530 449 1601 dolor,
460 1530 629 1611 passimque
637 1527 906 1603 communisspiritus
957 1539 986 1586 ct
999 1530 1056 1587 oris
1070 1514 1104 1586 de
1116 1529 1222 1602 jejunio
1234 1532 1353 1589 vanitate
1371 1531 1412 1608 (g)
1424 1533 1436 1589 ἰ
1449 1532 1520 1589 llum
1543 1547 1609 1605 ergo
1622 1533 1650 1588 in
1668 1532 1758 1589 cocci·

102 1625 137 1683 de
152 1624 287 1683 communi
300 1625 414 1683 Domino
432 1636 459 1684 et
478 1626 581 1698 Patre),
594 1625 660 1699 quid
674 1634 703 1683 tu
717 1624 767 1683 lnos
779 1624 819 1699 (5)
831 1622 906 1683 aliud
958 1637 994 1681 no
1010 1622 1051 1699 (l)
1063 1633 1091 1681 et
1101 1622 1182 1697 Tyrio
1197 1624 1227 1697 (ι’)
1244 1640 1293 1693 pro
1305 1626 1410 1684 delictis
1429 1626 1581 1700 supplicare
1594 1642 1645 1687 nos
1656 1628 1758 1686 conde-

101 1734 184 1793 quam
203 1728 230 1775 tc
252 1718 371 1793 opinaris
394 1718 456 1795 (iil
476 1719 546 1790 Quid
565 1728 708 1777 consortes
727 1734 836 1777 casuum
850 1727 906 1775 tuo·
957 1718 1019 1775 ceti
1032 1715 1106 1775 Cedo
1119 1732 1198 1774 acum
1214 1718 1335 1777 crinibus
1350 1719 1548 1793 distinguendis
1559 1760 1567 1787 ,
1578 1729 1606 1777 et
1619 1720 1759 1791 puluerem

101 1827 163 1870 rum
177 1810 226 1886 (e),
248 1819 279 1867 ut
300 1811 449 1884 plausores,
462 1811 552 1885 iugis?
572 1810 631 1867 Non
654 1818 743 1882 potest
761 1824 859 1882 corpus
873 1808 906 1867 de
920 1788 944 1851 B
958 1809 1086 1871 dentibus
1100 1809 1244 1869 elimandis
1256 1810 1309 1885 (i).
1324 1820 1352 1872 et
1371 1812 1506 1871 bisulcum
1522 1811 1624 1889 aliquid
1638 1813 1702 1872 lcrri
1718 1815 1760 1873 vel

101 1905 182 1962 unius
205 1903 320 1962 membri
344 1905 490 1963 vexatione
514 1904 606 1961 laetum
634 1918 715 1976 agero
737 1902 908 1961 :condoleat
959 1907 1022 1968 aeris
1041 1907 1175 1981 unguibus
1197 1907 1406 1981 repastinendis.
1420 1907 1526 1982 Siquid
1542 1908 1597 1965 icti
1610 1908 1722 1977 nitoris,
1736 1908 1761 1967 si

102 1998 275 2067 universum,
289 1996 363 2055 etad
376 1996 525 2055 remedium
540 1995 706 2065 conlaboret,
729 2010 840 2055 necesse
852 2002 903 2055 est.
958 1999 1026 2075 quid
1038 1997 1126 2057 coacti
1139 1998 1265 2069 cultoris,
1278 2000 1306 2057 in
1325 2000 1396 2057 labia
1415 2010 1461 2057 aut
1473 2014 1556 2072 genas
1569 2007 1670 2073 urgeat.
1687 1999 1761 2057 Prae·

101 2090 132 2149 ln
146 2106 200 2149 uno
218 2100 245 2151 ct
257 2090 342 2150 altem
356 2089 478 2149 Ecclesia
492 2098 542 2157 est.
560 2090 680 2149 Ecclesia
696 2104 760 2149 vero
771 2090 905 2149 cbristus.
960 2106 1035 2156 terea
1043 2094 1179 2166 exquirito
1191 2094 1303 2153 balneas
1317 2094 1437 2152 inieras
1449 2093 1585 2151 bortubni
1595 2092 1760 2153 maritimive

103 2185 249 2256 Ert⁰0t¹¹1¹
268 2182 342 2241 tend
361 2182 474 2241 stallum
494 2189 582 2257 tenui
604 2182 755 2257 timendis,
768 2182 906 2242 Christum
959 2201 1101 2249 necessust
1113 2186 1222 2260 adjicito
1242 2187 1276 2245 ad
1297 2196 1452 2261 sumptum
1468 2186 1622 2260 conquirito
1645 2186 1761 2247 altilium

103 2270 268 2346 contrectas,
290 2272 427 2332 Christum
439 2288 546 2333 exoras.
558 2272 646 2346 AEque
658 2274 696 2331 illi
709 2289 770 2331 cum
783 2290 864 2347 supcr
879 2282 921 2359 te·
957 2296 1098 2341 enormem
1117 2280 1257 2355 saginam;
1275 2278 1399 2340 defecato
1411 2289 1582 2339 senectutem
1595 2279 1661 2335 vini.
1674 2278 1760 2335 Cum·

103 2372 236 2444 lacrymas
261 2378 353 2443 agunt,
374 2368 498 2427 cbristus
522 2368 629 2441 patitur,
650 2367 772 2427 Christus
797 2368 904 2427 Patrem
958 2390 1011 2447 que
1024 2374 1086 2447 quis
1100 2373 1288 2447 interrogarit,
1306 2372 1414 2432 cuinam
1427 2387 1459 2430 ea
1477 2370 1601 2444 largiaris
1615 2369 1673 2444 (ila
1689 2370 1760 2427 licli-

103 2462 275 2534 deprecator.
300 2460 391 2521 Facile
413 2463 573 2535 impetratur
594 2476 712 2533 semper,
740 2462 812 2536 quod
835 2462 905 2525 silius
956 2469 1013 2541 qui,
1027 2467 1120 2534 dicito,
1135 2466 1271 2535 iulieum,
1285 2463 1505 2537 etpericlitorin
1518 2473 1649 2522 aeternum
1659 2462 1759 2533 perire.

104 2554 231 2627 postulat.
261 2552 368 2611 Grande
396 2555 476 2625 plane
498 2550 710 2611 emolumentum
734 2554 904 2614 verecundia
956 2559 1050 2631 ltaque
1062 2573 1134 2616 nunc
1147 2558 1270 2631 pendeo,
1290 2566 1319 2615 ct
1340 2572 1479 2624 maceror,
1500 2563 1530 2613 et
1548 2555 1708 2623 excrucior,
1731 2562 1762 2612 ut

105 2646 250 2703 occultatio
261 2645 352 2705 delicti
363 2646 515 2724 pollicetur.
523 2646 656 2704 Videlicet
668 2647 690 2705 si
701 2646 765 2723 quid
779 2649 904 2709 bumanae
956 2653 1042 2711 Deum
1057 2651 1229 2711 reconciliem
1243 2649 1413 2723 mihiquem
1428 2647 1610 2720 delinquendo
1624 2645 1692 2705 lesi.
1704 2646 1758 2703 Sed

104 2740 208 2797 notitiae
221 2738 442 2809 subduxerimus,
461 2740 573 2812 proinde
594 2749 622 2797 et
635 2742 719 2797 licum
734 2740 905 2801 celabimus?
956 2744 1030 2809 enirn
1049 2744 1128 2815 illos,
1149 2743 1194 2817 qui
1216 2741 1370 2816 ambitui'i)
1388 2742 1489 2801 obeunt
1503 2740 1660 2815 capessendi
1674 2740 1761 2811 magi-

104 2832 216 2889 Adeone
226 2831 389 2889 existimatio
402 2831 540 2895 bominum
551 2840 579 2889 ct
591 2832 640 2890 liei
651 2834 816 2891 conscientia
828 2850 904 2891 com·
956 2848 1074 2909 strabis,
1087 2854 1175 2913 neque
1189 2826 1290 2913 pnd'et,
1305 2852 1395 2911 ireque
1408 2838 1483 2911 piget
1501 2835 1680 2928 incommodis
1699 2836 1758 2891 ani·

105 2924 253 3021 peracturi
272 2925 314 2983 An
338 2924 438 2983 melius
460 2935 503 2982 cst
526 2923 682 2983 damnatum
706 2926 799 2995 latere,
825 2943 907 3000 quam
957 2950 1009 2995 nnn
1021 2943 1049 2995 et
1061 2932 1199 3005 corporis,
1215 2947 1266 2989 nec
1280 2929 1460 2989 incommodis
1483 2938 1606 3000 tamum,
1621 2943 1716 2987 verum
1730 2936 1758 2987 et

105 3018 194 3089 palam
205 3019 305 3077 absolvi
322 3019 381 3094 (mi
396 3019 523 3076 lliserum
537 3028 577 3076 est
591 3020 631 3075 sic
642 3019 676 3077 ad
697 3019 906 3097 Exomologesis
958 3027 1127 3089 coutumeliis
1141 3026 1266 3083 omnibus
1278 3025 1344 3083 eniti
1359 3024 1492 3083 incaussa
1503 3031 1624 3090 votorum
1636 3036 1757 3081 suornm.

104 3116 247 3189 pervenire
260 3114 307 3190 (e).
321 3116 392 3173 llalo
404 3118 477 3173 enim
490 3114 524 3171 ad
534 3114 673 3173 miseriam
683 3114 723 3189 (i)
734 3118 901 3188 pervenitur,
915 3108 938 3173 C
955 3118 1027 3191 Quas
1047 3134 1101 3177 oon
1127 3117 1308 3191 ignobilitates
1325 3116 1439 3173 vestium
1453 3113 1600 3173 auectanct
1614 3113 1680 3186 Qum
1707 3127 1760 3171 non

726 3230 917 3292 scottellus
931 3227 1138 3292 leildN'lES.

152 3346 174 3416 Ι)
186 3344 339 3421 Οιιὶιιιαιίιι.
352 3348 450 3421 etium
844 3390 847 3401 .
955 3347 1034 3405 Serti.
1046 3344 1329 3427 adventumestmlebtti
1340 3346 1582 3403 illvmlttt'utttm.

148 3410 290 3473 dSpccres
301 3410 378 3459 Fron.
391 3418 470 3461 Perre.
1004 3412 1230 3466 bDesrnrtFrun.

151 3475 167 3523 5
189 3472 256 3525 Tuos
263 3469 334 3523 semi.
345 3473 417 3536 trop.
431 3478 459 3523 ιιι
469 3472 515 3523 hos
526 3470 581 3538 liig.
590 3483 622 3522 ca
633 3470 687 3523 cod.
698 3468 749 3524 die.
992 3414 1017 3529 (6
1039 3474 1149 3529 ouran
1159 3478 1238 3528 Fruar.
1249 3475 1304 3542 llig.
1316 3431 1488 3529 nimirem

149 3534 360 3587 lddmiscriam
381 3544 457 3589 Frmv.
474 3534 557 3587 Puris.
576 3526 662 3603 liigdit.
682 3546 766 3587 amans
793 3537 814 3586 si
833 3547 907 3601 perv.
990 3472 1017 3605 ii
1031 3538 1207 3606 Ambitusttig.

778 3639 1062 3705 mundamus

142 3758 547 3850 (alselutiprodnctudrndiga
561 3756 690 3831 mandi
704 3759 840 3831 protervia
848 3774 906 3832 per·
956 3778 1000 3821 ma
1023 3760 1150 3835 lmuendi
1175 3759 1376 3819 abhorrentium
1397 3758 1518 3832 atinum,
1539 3759 1667 3817 miserum
1697 3760 1757 3817 esti

104 3835 256 3897 ditissimae.
268 3834 328 3895 llic.
955 3834 1001 3892 Sic
1016 3834 1144 3891 lloratius
1161 3831 1327 3905 depectendi
1345 3832 1466 3892 mireum
1479 3840 1526 3887 est.
1551 3830 1602 3888 liic
1616 3831 1697 3904 igitur
1706 3830 1759 3888 ali·

143 3907 182 3984 (b)
198 3904 267 3975 Quid
287 3903 456 3963 tuboruliud
486 3920 545 3959 amnt
559 3911 582 3959 te
603 3900 727 3987 opineris.
741 3900 787 3961 stc
806 3902 904 3975 legitur
975 3906 1016 3962 uis
1030 3906 1181 3963 abliorrens
1193 3905 1373 3963 austeriorem
1390 3902 1539 3976 poenitendi
1559 3902 1689 3972 lormam,
1705 3903 1759 3971 ait,

107 3982 134 4038 in
149 3976 445 4039 codiee-Divisiononsi.
457 3921 491 4031 lit
505 3990 565 4033 ease
573 3975 742 4031 verissimum
777 3974 902 4037 uindico.
986 3980 1082 4035 iseram
1094 3988 1132 4036 ert
1145 3978 1182 4034 ric
1196 3975 1230 4034 nd
1250 3976 1366 4033 mumulo
1384 3978 1439 4032 crin
1463 3975 1694 4045 parenticidam
1715 3991 1761 4031 re·

142 4050 182 4125 (ο)
197 4050 265 4117 Quid
277 4057 405 4106 conantes
419 4064 525 4103 casuum
534 4057 647 4103 tuarum.
668 4044 745 4103 Hono
757 3990 847 4105 iocum
862 4050 902 4109 sio
953 4049 1073 4119 spondet
1097 4048 1301 4115 Tertullianum
1318 4045 1345 4102 ll
1376 4049 1471 4103 ocrim
1484 4045 1518 4102 nd
1532 4046 1660 4103 commun
1674 4062 1762 4116 pnoe-

105 4124 237 4197 expnessit
262 4121 294 4178 li.
317 4120 448 4177 Parianus
471 4134 478 4173 :
495 4128 623 4175 consortes
636 4134 742 4173 curuum
762 4129 902 4176 taurorum
955 4123 1035 4191 ruitur,
1051 4120 1178 4189 etc.,lioc
1189 4130 1370 4191 cst,peccato.
1385 4117 1421 4180 Et
1435 4118 1504 4178 neu
1518 4126 1651 4191 suoque
1664 4132 1714 4177 nos
1726 4118 1761 4177 ad

106 4198 194 4253 tivnvcrc
218 4193 305 4251 nolite.
333 4190 442 4249 Nullum
467 4204 565 4273 eorpus
584 4188 766 4247 membrorum
792 4204 901 4253 sutorum
956 4192 1216 4251 miseriamdnount.
1233 4192 1293 4249 lire.
1573 4258 1579 4271 ⁹

104 4266 247 4326 vexatione
256 4266 361 4321 lactatur
374 4264 451 4331 nmo
465 4260 655 4333 partterdolet,
669 4270 696 4317 et
708 4261 739 4317 acl
752 4262 902 4319 remedium
932 4299 934 4302 -
991 4264 1068 4321 CAP.
1083 4264 1129 4321 xl.
1145 4294 1182 4309 -
1195 4264 1228 4336 (ι)
1245 4261 1330 4321 listro
1342 4263 1466 4321 laetitiam.
1481 4260 1539 4317 Non
1561 4258 1659 4319 lucebat
1673 4262 1760 4333 preni-

104 4339 263 4397 collaborat.
275 4337 304 4394 ln
319 4350 372 4392 uno
384 4344 411 4391 ct
428 4334 515 4391 altero
533 4333 652 4391 Ecclesia
665 4342 716 4401 cst,
734 4332 760 4389 in
782 4332 904 4393 Ecclesia
957 4338 1077 4395 tentibus
1090 4336 1145 4395 uilo
1159 4335 1346 4395 delectationis
1362 4348 1474 4407 genere,
1489 4331 1644 4405 nequidem
1657 4334 1761 4391 balneis

104 4406 325 4471 veroCbrlstus3'
337 4417 416 4476 atque
434 4405 559 4477 adeoqui
582 4404 708 4461 tratribus
727 4416 834 4475 peccata
854 4422 904 4464 sira
956 4425 986 4467 tc
998 4409 1144 4467 oblectare.
1158 4410 1272 4465 emin.

105 4500 161 4539 non
171 4490 252 4547 tacet,
262 4478 390 4537 Ecclesia
400 4476 527 4551 iacrymis
540 4476 657 4547 adiutus,
670 4476 770 4533 illinisti
779 4478 905 4551 precibus
995 4480 1036 4553 (g)
1053 4480 1112 4537 Oris
1127 4479 1159 4537 de
1167 4480 1270 4552 ieiunio
1282 4479 1403 4533 uanitate.
1419 4476 1525 4533 Etenim
1536 4473 1640 4547 jejunio
1653 4476 1761 4535 nativus

104 4554 263 4611 absolvitur.
279 4552 346 4609 Part.
958 4553 1014 4611 oris
1027 4562 1056 4609 et
1068 4552 1160 4610 lorium
1183 4551 1257 4621 vigor
1271 4551 1417 4608 evanescit.
1436 4548 1534 4605 llllusit
1552 4547 1586 4603 ad
1609 4546 1675 4605 illud
1690 4546 1759 4603 llat-

140 4624 180 4699 (ot
192 4624 277 4691 Quum
286 4624 373 4695 polana
383 4618 488 4677 absolui.
503 4618 593 4675 Palam
602 4616 711 4701 quidem
724 4626 752 4675 et
762 4617 903 4691 frequente
955 4626 1031 4694 timi,
1045 4624 1091 4692 vt,
1102 4622 1152 4679 tu:
1163 4618 1307 4694 Ᾰραιιξουσι
1322 4628 1355 4679 τὸ
1366 4626 1481 4695 :pisan
1493 4623 1581 4680 airon
1599 4614 1680 4675 Vultu
1692 4618 1761 4676 isree-

104 4696 225 4755 Ecclesia
236 4692 452 4758 absolvebantur,
462 4705 553 4747 verum
566 4697 632 4746 satis
644 4688 709 4745 rrtvlu
732 4704 785 4747 non
797 4702 904 4749 eorrstnt
955 4697 1020 4753 duat
1034 4696 1153 4753 menide.
1164 4696 1227 4754 lita.
1628 4748 1631 4754 ,

105 4770 165 4826 linc
184 4767 217 4824 de
238 4763 426 4823 sacramentali
452 4760 621 4818 absolutionc
643 4762 798 4835 accipienda
820 4778 900 4834 esse;
991 4768 1032 4840 (ιι)
1046 4766 1080 4823 lu
1100 4767 1214 4823 coccinio.
1229 4766 1282 4823 Per
1293 4763 1433 4823 coccinum
1454 4760 1759 4838 inquitltbcn.intelli·

104 4842 168 4913 nnin
186 4840 275 4914 potius
288 4834 450 4907 conjicerem
460 4874 468 4901 ,
480 4832 515 4891 de
526 4833 619 4889 ultima
633 4834 826 4907 exomologesi,
843 4850 902 4907 utrm
954 4839 993 4911 git
1004 4848 1106 4895 vvestcm
1120 4854 1201 4895 cocco
1220 4838 1356 4903 inlectam,
1369 4837 1506 4893 Martialis.

105 4912 267 4985 permolesta
282 4918 309 4967 et
332 4908 409 4981 plena
430 4905 542 4979 pudoris
557 4904 712 4973 videbatur,
728 4906 793 4966 illud
816 4906 904 4979 pedum
1048 4908 1150 4964 docum
1159 4909 1274 4965 mansae
1284 4910 1361 4963 donas
1371 4914 1400 4959 et
1411 4906 1519 4958 laomim
1530 4906 1641 4957 meme.

103 4984 200 5041 nirotui
218 4980 317 5039 dictum
335 4994 411 5048 csse;
437 4992 500 5035 uam
512 4973 575 5049 quid
585 4985 683 5059 posset
693 4978 782 5035 inesse
792 4978 903 5061 pudoris
954 4979 1072 5042 Coccum
1099 4983 1180 5056 vulgo
1201 4996 1315 5055 granum
1336 4988 1434 5035 vocant
1453 4978 1536 5037 buce
1555 4977 1698 5038 reddentes
1716 4984 1760 5037 set

104 5064 151 5112 aut
171 5052 340 5111 vereonndim
362 5052 387 5107 in
412 5050 455 5106 illa
477 5046 668 5105 absolutionc?
682 5057 709 5105 at
724 5064 788 5107 vcro
802 5066 827 5105 m
840 5050 902 5107 ulti·
955 5058 1040 5113 simon
1124 5070 1171 5111 um
1183 5053 1352 5111 vocabulum.
1368 5050 1438 5108 Part.

106 5143 151 5183 ma
164 5122 344 5196 exomologesi
359 5122 441 5178 multa
460 5119 637 5177 occurrebant
658 5134 717 5191 qum
730 5122 788 5177 sine
802 5122 904 5192 pudore
993 5125 1025 5197 (i)
1065 5122 1174 5198 tigrin.
1195 5124 1321 5197 Tyrium,
1334 5122 1420 5194 inquit
1433 5121 1523 5187 idem,
1546 5120 1664 5192 appellat
1675 5121 1761 5178 resti·

103 5214 158 5257 non
168 5203 292 5271 poterant
302 5194 374 5252 terri.
387 5194 531 5250 Primumc
544 5190 637 5246 limine
647 5190 673 5245 in
687 5190 802 5249 mediam
818 5194 905 5250 ecclc-
956 5209 1077 5254 mentum
1090 5213 1124 5253 cx
1135 5210 1252 5269 purpura
1262 5194 1344 5268 Tyria
1352 5204 1489 5250 coristans.
1499 5190 1588 5248 ovid:
1599 5192 1659 5249 Siue
1670 5194 1718 5248 erit
1731 5194 1760 5248 iu

104 5272 173 5327 siam
196 5266 398 5325 adducebantur
411 5266 445 5322 ab
459 5266 596 5335 episcopo,
623 5262 682 5318 istic
695 5262 728 5318 ad
743 5263 801 5334 ejus
824 5264 904 5334 pcdcs
958 5268 1041 5341 Tyriis
1056 5266 1398 5341 Tyriorloudulirumietuv.
1413 5265 1464 5335 Qui
1474 5266 1554 5321 etiam
1569 5273 1683 5320 annotat
1696 5263 1759 5321 cedo

106 5345 235 5413 prostrati
250 5339 355 5395 veniam
370 5344 542 5409 pcccatorum
558 5348 668 5390 suorum
679 5333 903 5405 deprecabamur,
957 5340 1001 5395 llic
1016 5341 1102 5411 accipi
1119 5354 1169 5410 pro
1182 5338 1226 5392 dn.
1243 5338 1312 5393 Ριιι.

104 5412 262 5485 precibuset
275 5410 329 5465 laer
350 5408 399 5464 mis
414 5407 496 5462 totius
508 5404 680 5461 lratcrnitatis
709 5407 801 5462 ratium
815 5418 839 5463 ct
854 5410 906 5465 mi·
993 5410 1027 5487 (i)
1044 5410 1077 5466 Et
1098 5412 1225 5483 pulonem
1236 5409 1352 5465 dentibus
1366 5408 1666 5478 elimandis.'lptissime
1674 5406 1759 5463 verbo

106 5482 282 5541 sericordidm
297 5425 485 5562 enitescebant,
496 5477 604 5532 tandem
616 5477 642 5531 in
656 5422 829 5561 eofiemslutu
841 5494 903 5550 pcr-
953 5483 1066 5540 elimare
1083 5497 1147 5537 usus
1158 5489 1217 5543 est.
1233 5496 1295 5536 nam
1309 5482 1388 5536 limus
1408 5489 1518 5536 vocatur
1534 5479 1577 5535 illa
1601 5478 1758 5548 scabrities,

103 5564 255 5622 manentes,
265 5551 291 5609 id
304 5560 345 5609 est
359 5549 431 5606 bumi
445 5555 575 5621 iacentes,
591 5561 606 5602 a
620 5556 739 5619 pcccatis
749 5549 901 5607 liberaban—
954 5570 1001 5611 seu
1012 5552 1107 5610 sordes
1120 5552 1173 5608 illue
1182 5551 1308 5609 dentibus
1317 5550 1541 5609 adherentesdt
1552 5561 1651 5621 prater
1662 5550 1757 5619 pulve-

103 5637 159 5693 tur,
174 5626 233 5683 baec
247 5624 337 5681 omnia
350 5622 441 5680 multis
455 5622 491 5676 ita
506 5618 668 5691 permolesta
682 5620 857 5690 videbantur,
872 5632 903 5680 ut
952 5640 1021 5695 rem,
1036 5623 1186 5682 dentilricio
1200 5624 1343 5682 utebantur
1354 5632 1470 5680 veteres.
1493 5620 1596 5679 videsis
1610 5622 1755 5695 Apuleium

103 5698 254 5757 mallentin
275 5696 351 5767 culpa
377 5706 534 5759 remanere,
555 5690 701 5762 quanvltoe
723 5693 804 5750 modo
818 5696 852 5752 ab
869 5709 901 5753 ca
954 5698 981 5754 in
994 5697 1101 5767 apolog.
1116 5695 1155 5753 Lu
1168 5695 1217 5752 en.
1445 5754 1449 5760 ,

104 5770 223 5829 libcrari.
238 5769 352 5825 dnonas.
990 5767 1032 5845 (Ιι)
1057 5769 1164 5823 Gmnnm
1178 5785 1207 5823 en
1226 5767 1355 5840 ιαιρίαιίι.
1379 5765 1426 5823 Sic
1442 5764 1646 5822 emendavimus
1665 5765 1752 5823 secuti

143 5844 181 5916 (e)
205 5840 327 5899 llirerum
339 5845 376 5896 ert
384 5838 422 5911 rio
434 5832 469 5893 od
480 5833 666 5907 meroingum
682 5838 821 5908 pnoeuirr.
832 5838 900 5900 For·
952 5842 1066 5916 vestigia
1079 5842 1218 5914 scripture
1227 5841 1337 5917 veteris,
1348 5838 1493 5905 Coroniam
1500 5838 1629 5913 lnrpieria.
1637 5837 1699 5897 liro.
