4084 6334
157 314 213 377 bet
721 315 948 375 bissenttttttt
966 316 1000 375 b.
1019 314 1065 376 LE
1083 317 1236 378 Noitttttlt:
1753 324 1807 385 958

159 433 258 500 micis,
280 445 333 489 non
354 430 556 507 perfunctoria,
584 430 632 489 sed
656 430 801 489 durissima
821 434 1119 507 rigidiorisAdeauriiu
1141 434 1298 493 ructantibus
1314 432 1487 511 (Tertulliart.
1509 438 1655 513 apologet,
1673 456 1731 513 cap.
1750 441 1804 511 bb,

156 528 252 601 jejunii
261 528 448 585 obsecratione
455 542 568 585 exorare
577 527 753 585 conabantur.
766 527 865 584 Audias
875 528 956 584 uelim
1008 544 1060 602 pap
1071 527 1280 601 bib),ridelicet
1293 528 1382 585 eiburn
1395 539 1539 603 potumque
1554 532 1675 599 nimium,
1690 535 1734 605 qui
1750 550 1806 593 non

159 624 306 696 ipsummet
319 620 531 678 Tertullianum:
554 620 621 690 Not,
636 620 739 693 inquit,
752 621 857 693 ieiuniis
870 621 955 687 aridi,
1008 628 1133 695 potuerat
1157 622 1184 679 ln
1208 623 1349 680 stomacho
1368 623 1469 695 digeri,
1494 624 1698 693 exhalantibus,
1715 628 1806 683 acescit

94 730 102 740 ‘
159 716 212 777 boe
235 725 293 785 est,
313 717 428 776 coniecti
449 727 477 774 et
494 716 616 785 arefacti,
636 716 734 789 quippe
756 717 802 789 qui
821 730 875 771 non
897 714 958 772 aliis
1008 731 1062 771 aar.
1075 714 1128 773 Sed
1141 714 1282 787 numquid,
1300 714 1416 787 inquies,
1430 715 1457 771 id
1475 716 1533 773 siue
1548 732 1643 789 magua
1657 716 1807 790 hyperbole

159 812 226 868 cibis
238 824 318 883 quam
333 810 417 867 aridis
431 820 487 867 urm
501 811 645 868 vescimur.
658 808 726 866 Nam
741 808 786 867 ille
800 809 863 865 alibi
876 824 956 876 ueras,
1008 810 1043 867 ab
1061 810 1120 882 ipso
1133 809 1215 867 scribi
1230 809 1336 881 potuiti
1355 808 1426 879 erid
1441 818 1541 880 autem,
1556 810 1652 867 amabo
1672 821 1713 879 te,
1734 820 1808 868 vetat

159 907 205 973 ait,
222 904 262 962 aab
275 905 363 961 aridas
375 922 454 974 ereas,
471 920 503 963 ac
516 905 596 977 paulo
608 904 776 976 explicatius,
788 903 959 975 aerapbaqiau
977 898 990 917 ⁹
1008 904 1154 975 quominus
1166 902 1193 960 ltl
1208 902 1260 961 diei
1275 904 1359 976 possit
1374 902 1408 960 de
1421 903 1533 974 publicis
1546 904 1686 973 conririls,
1702 918 1763 977 qua:
1778 906 1807 962 in

159 998 338 1067 obstruamus,
357 997 480 1056 acearrtes
492 998 576 1052 eibum
591 998 623 1052 ab
636 996 706 1052 annai
718 1012 811 1065 came,
830 995 899 1050 onrai
909 994 958 1067 ju·
1008 996 1114 1069 magnis
1134 996 1311 1069 quorumdam
1333 995 1449 1065 dierum,
1464 1012 1496 1053 ac
1516 997 1665 1071 praesertim
1689 1000 1808 1070 impera·

159 1091 281 1159 rraientia,
297 1100 321 1147 et
336 1088 492 1146 aridioribus
505 1088 644 1162 quibusque
657 1088 750 1161 partis,
765 1105 798 1144 ne
809 1086 871 1160 quid
884 1087 958 1143 uina·
1009 1101 1098 1149 torum
1112 1090 1327 1148 solemnitatibus
1354 1090 1465 1157 iniero,
1482 1090 1584 1163 plateis‘
1591 1090 1713 1163 publicis,
1728 1091 1806 1161 ricis,

158 1184 242 1240 uitatis
260 1183 300 1240 aet
316 1182 431 1248 eamus,
451 1182 491 1239 ut
511 1190 636 1256 patenum,
649 1181 745 1236 moueri
762 1195 860 1252 quaque
878 1180 958 1235 abati·
1009 1191 1037 1239 et
1052 1182 1158 1240 urbium
1171 1182 1296 1254 compitis
1313 1182 1408 1239 instrui
1421 1181 1563 1239 solebant?
1576 1182 1652 1240 Tunc
1665 1184 1737 1240 enirn
1750 1184 1809 1241 sin·

163 1278 279 1333 trerrtiam
300 1284 480 1347 congruentem
498 1273 667 1345 aritiaaietui
688 1269 864 1345 (Tertullian.
885 1266 958 1346 Apo'·
1009 1276 1091 1348 gulae,
1105 1290 1137 1333 ae
1155 1283 1218 1332 iotae
1236 1275 1318 1332 urbes
1330 1274 1503 1343 extrtbebam,
1523 1285 1552 1331 ut
1565 1274 1633 1333 inira
1647 1276 1809 1346 ridebimus,

159 1368 248 1442 luget„
263 1384 322 1441 cap.
336 1368 461 1441 tb„pag.
476 1366 552 1437 t783
572 1366 630 1425 libr.
646 1366 680 1423 tie
694 1364 818 1439 bajoariis,
832 1383 890 1439 cap.
906 1366 920 1423 l
934 1376 959 1427 et
1702 1350 1707 1360 '

157 1477 216 1533 eap.
234 1462 292 1533 13).
1009 1462 1034 1519 si
1057 1470 1129 1519 tanta
1149 1461 1323 1521 multitudino
1349 1460 1502 1529 hominum,
1522 1460 1597 1517 cibos
1619 1462 1766 1537 indigestas
1782 1472 1811 1521 ει

192 1556 258 1623 eris
269 1563 359 1611 autem
372 1554 463 1611 aridus
477 1555 526 1611 iile
535 1553 622 1620 eibos,
634 1561 661 1609 et
673 1565 735 1625 quae
746 1565 808 1609 esca
821 1548 897 1607 arida
912 1549 957 1620 sit,
1009 1554 1187 1613 immoderate
1201 1564 1323 1628 sumptos
1336 1553 1529 1622 criminationi,
1538 1554 1658 1612 ructibus
1671 1570 1718 1611 aer
1731 1570 1810 1613 aces-

158 1648 183 1706 si
198 1650 232 1706 ab
243 1646 398 1722 Epiplranio
412 1650 541 1723 postules,
559 1648 607 1705 tibi
621 1646 796 1720 respondebit
809 1660 864 1703 non
877 1644 958 1702 aliam
1009 1647 1102 1705 cerati
1117 1646 1260 1705 Turnebus
1282 1649 1370 1721 itaque
1393 1648 1503 1705 nomine
1523 1649 1603 1704 cudis
1621 1650 1718 1705 irustra
1737 1650 1811 1707 desi·

155 1756 228 1810 esse,
248 1743 300 1799 nisi
322 1736 439 1815 panem,
462 1742 502 1798 sal
528 1752 555 1799 et
575 1756 682 1814 aquam.
703 1740 756 1797 Per
776 1748 849 1797 totos
869 1748 958 1795 autem
1009 1740 1086 1812 gnari
1099 1740 1251 1812 putabatea
1263 1740 1395 1809 eomiria,
1407 1740 1503 1812 quain
1517 1740 1656 1812 ipsacuria
1670 1741 1812 1799 aCuriali·

158 1836 220 1894 illas
227 1838 433 1911 jejunationum,
448 1839 487 1895 oti
501 1838 547 1895 ille
560 1838 688 1910 loquitur,
702 1846 730 1894 et
741 1836 958 1907 aerapltagiarum
972 1846 997 1907 Β
1010 1833 1062 1890 bus
1086 1834 1220 1891 dabantur
1241 1834 1382 1907 (Turrteb.,
1398 1834 1442 1889 lib.
1454 1832 1502 1889 xit
1522 1834 1640 1903 dauers,
1662 1852 1721 1907 cap.
1745 1834 1810 1910 ta).

156 1928 267 1987 diarias
281 1926 673 1988 Glaristianisnoneratbosce
686 1930 771 1998 cibos,
787 1929 959 2001 quantumuis
1010 1928 1078 1985 Nam
1102 1928 1284 1987 Tertullianus
1303 1930 1337 1985 de
1366 1927 1421 1985 illis
1443 1927 1557 2001 publicis
1581 1929 1713 1988 eonririis
1736 1929 1809 1987 baud

155 2038 253 2098 parum
278 2024 431 2082 esculentos
461 2034 488 2081 et
509 2038 616 2092 suares,
643 2024 738 2097 queris
760 2022 814 2081 diei
837 2032 959 2094 tempore
1010 2020 1295 2093 dulrieiutelllgendns
1313 2030 1364 2077 est.

152 2126 319 2190 progustare
329 2116 475 2190 (Epipbaa.
489 2116 608 2189 Euporit.
619 2115 678 2187 fid„
694 2114 768 2187 5²2·
783 2132 843 2188 pap.
855 2112 957 2187 tot5);
1046 2114 1114 2171 Tum
1130 2114 1174 2171 illa
1185 2122 1297 2186 postea:
1315 2112 1406 2180 Saliis,
1421 2112 1517 2185 inquit,
1532 2112 1567 2191 de
1578 2114 1675 2187 quibus
1686 2130 1734 2173 nos
1746 2116 1811 2174 alibi

153 2212 204 2268 scd
218 2211 252 2269 ab
264 2210 354 2281 omni,
366 2211 403 2268 ait
415 2210 502 2267 adbuc
515 2210 616 2267 luctor
629 2216 732 2272 noster,
746 2208 804 2263 uita
816 2216 899 2280 pape,
911 2222 959 2263 seu
1010 2208 1125 2281 egimus,
1142 2209 1279 2265 cenaturi:
1288 2209 1398 2264 creditor
1409 2209 1456 2263 erit
1468 2210 1626 2265 necessarius
1638 2209 1810 2283 (Tertullian.

154 2304 395 2377 quocumqueeibo
410 2303 485 2359 ditati
501 2298 828 2375 (natatumapotopa,
843 2316 899 2371 cap.
910 2298 957 2368 bb,
1010 2300 1063 2359 lae.
1078 2300 1151 2375 eit.);
1166 2300 1330 2372 quianullus
1344 2300 1612 2373 pareratimpensas
1632 2304 1739 2361 illorum
1760 2304 1810 2363 de-

54 2418 62 2426 ·
152 2415 213 2471 pap.
227 2396 312 2472 l8'l),
326 2396 399 2454 irurrc
418 2394 525 2451 nonnisi
545 2408 606 2451 sero
624 2409 656 2451 ae
680 2393 729 2449 sub
746 2392 834 2448 noctis
852 2390 958 2447 initium
1009 2401 1121 2465 repente
1135 2392 1275 2451 solrcndo.
1290 2393 1318 2449 Si
1335 2400 1424 2448 tamen
1446 2393 1524 2449 nobis
1546 2408 1600 2449 non
1623 2394 1717 2451 eredas
1730 2394 1812 2474 (Dir-

152 2492 305 2548 sumebant.
326 2490 419 2565 Neque
437 2489 534 2547 horum
558 2488 700 2546 uerborum
723 2486 782 2543 baec
803 2496 895 2542 nostra
916 2495 959 2543 est
1009 2494 1097 2542 uetat.
1117 2488 1144 2541 in
1158 2478 1256 2541 llirr'm.
1282 2485 1385 2553 (letam,
1399 2502 1459 2557 cap.
1477 2485 1524 2553 to,
1543 2497 1594 2543 art.
1608 2488 1654 2561 b),
1672 2488 1753 2561 idque
1765 2488 1814 2547 tibi

152 2586 307 2657 explicatio,
332 2584 382 2643 sed
402 2584 505 2658 ipsios,
526 2583 573 2657 qni
596 2582 659 2639 alibi
679 2579 849 2653 apertissime
872 2576 956 2635 dixit:
1008 2578 1077 2636 velis
1097 2578 1222 2650 probari,
1251 2580 1313 2635 audi
1330 2578 1388 2635 bare
1407 2578 1482 2635 Festi
1507 2580 1608 2636 rerba:
1630 2580 1813 2639 Saliaraml·

153 2680 315 2740 distineatur
335 2679 368 2735 ab
386 2681 432 2749 eiu,
449 2695 506 2752 quar
527 2688 628 2745 tamen,
651 2674 879 2747 quemadmodum
898 2672 957 2730 bae·
1009 2672 1089 2727 tanda
1115 2672 1208 2738 dictas,
1229 2668 1319 2743 quibua
1340 2686 1487 2743 perarmet
1504 2672 1575 2739 tiles,
1590 2672 1812 2745 ubicumquema·

152 2773 229 2831 retiei
253 2771 374 2847 quidam,
389 2790 441 2829 aare
462 2771 602 2842 rejicimur,
624 2768 669 2825 aed
692 2767 833 2836 differimur
847 2767 857 2839 (
871 2763 955 2835 ldertr,
1008 2774 1087 2830 nent,
1100 2766 1162 2836 quia
1174 2764 1267 2835 amplae
1280 2774 1411 2835 parcuntur
1424 2778 1513 2833 cana,
1528 2766 1550 2820 ai
1566 2781 1624 2837 quae
1637 2765 1698 2823 alia
1708 2784 1810 2839 acapna

1009 1370 1184 1427 tabernarum
1195 1377 1223 1426 et
1231 1369 1390 1441 popinarum
1405 1368 1533 1440 speciem.
1550 1368 1619 1435 Quid
1633 1384 1697 1441 ergo
1711 1370 1809 1425 mirum
1912 1444 1914 1451 Α

47 4007 52 4017 ·
155 3986 191 4041 ιιι
211 3985 332 4041 exitatrsti
346 3965 375 4041 (rt
386 3984 533 4041 delicerent
546 3983 667 4055 eorporis
682 3980 773 4037 riresl

152 2869 196 2923 lib.
212 2867 245 2924 de
264 2866 366 2940 lebam,
380 2880 446 2940 ¹cap.
473 2867 505 2922 t5
522 2867 649 2938 ),atque
669 2864 706 2919 ita
735 2860 837 2934 jejunia
864 2853 957 2918 nostra

153 2961 181 3017 in
194 2975 337 3035 resperutn
362 2959 547 3032 producimus.
569 2957 696 3025 Quinimo
717 2956 857 3022 Cir'ristus,
882 2962 954 3011 teste

154 3054 291 3127 Eusebio,
314 3065 462 3137 sectatores
487 3070 552 3113 suas
571 3053 701 3113 docuerat
721 3052 756 3109 ad
777 3051 957 3109 multosdies

153 3149 214 3206 cibo
229 3159 256 3207 et
268 3150 333 3206 rino
346 3149 534 3207 lubentissime
551 3148 707 3214 abstinere,
721 3146 818 3202 durum
832 3161 865 3201 ac
876 3159 956 3203 sere·

156 3260 216 3302 rurn
230 3259 311 3317 agere
324 3243 430 3301 risendi
442 3256 538 3315 genos,
548 3251 630 3313 atque
639 3241 798 3296 immensam
808 3253 862 3294 non
875 3236 993 3313 mailoc

154 3336 285 3405 rirnrum,
308 3337 505 3395 verumetiam
527 3334 670 3392 mulierum
696 3330 896 3388 multitudinem
921 3348 955 3388 co

154 3430 320 3503 impulerat,
347 3439 379 3488 ut
400 3430 499 3502 spretis
523 3441 669 3500 corporum
700 3425 852 3492 alimentis,
886 3422 956 3480 diri-

154 3539 249 3580 narom
280 3524 370 3595 potius
395 3523 542 3581 lectionum
567 3520 725 3577 rationalem
754 3518 843 3575 cibum
871 3532 954 3590 appe·

153 3623 242 3670 terent
265 3614 388 3687 (Euseb,
400 3624 467 3671 arat.
495 3612 612 3669 delanti.
636 3610 806 3678 Constantini,
820 3627 879 3683 eap.
895 3611 954 3679 li,

155 3724 222 3781 paq.
247 3704 323 3779 cot).
354 3705 423 3775 Quid
448 3708 547 3761 miram
568 3704 670 3777 igitur,
699 3704 722 3759 si
749 3704 776 3758 bi
800 3702 954 3759 abeodem

155 3798 321 3857 Tertulliano
335 3810 428 3855 nostro
448 3798 572 3855 dicuntur
586 3797 658 3851 aurai
671 3795 717 3851 illa
737 3796 894 3851 continentia
907 3810 954 3851 ea·

156 3892 236 3963 pratri
248 3889 418 3965 (Tertullian.
430 3889 575 3962 Apaiaget,
585 3906 644 3962 eap.
654 3888 701 3954 bb,
710 3904 772 3962 pag.
781 3871 859 3962 tel),
867 3888 893 3945 ld
903 3896 954 3958 est,

182 4078 290 4160 „Verum
306 4080 340 4135 ab
355 4080 404 4134 lrac
418 4077 631 4134 Christianorum
647 4076 815 4149 brugalitate,
832 4073 954 4133 ciborum

155 4171 316 4229 abstinentia
342 4181 370 4230 et
391 4172 501 4245 jejuniis
525 4172 603 4243 plane
619 4172 777 4243 penitusque
789 4169 956 4227 dissidebant

156 4282 241 4324 eterra
264 4267 455 4335 ethnicorum,
479 4266 596 4339 prolusis
621 4264 774 4335 sumptibus
797 4274 953 4333 apparatae,

157 4361 332 4416 inrrnnderata
345 4360 480 4427 conuiuia,
495 4356 720 4429 eorrrpotationes,
731 4353 952 4420 comessationes,

158 4453 346 4512 belluatiunes.
373 4452 492 4508 Primum
513 4451 584 4506 enirn
607 4448 802 4519 blegarensiutn
825 4447 955 4517 intempe-

157 4546 258 4611 rantia,
274 4543 312 4599 ait
321 4543 501 4599 Tertullianus
513 4543 592 4613 plane
606 4539 775 4611 redarguitur
798 4538 849 4593 lroc
861 4537 955 4609 Dioge-

156 4639 197 4696 nis
218 4639 316 4695 dicto:
341 4635 505 4709 Megarenses
525 4640 667 4701 abranam,
687 4632 759 4701 quasi
782 4630 893 4684 crastiua
915 4630 1067 4733 dfffDsunr
1090 4678 1131 4723 ms
1145 4666 1264 4723 lamam.

157 4732 294 4796 turoritari:
323 4731 453 4798 oetiiiieatrt
477 4744 552 4793 uero,
584 4726 658 4798 quari
682 4740 815 4795 rrttrrqtrarrr
839 4722 956 4775 rrroriturt

157 4822 240 4893 titia.
249 4840 306 4895 eap.
320 4822 366 4889 39,
379 4838 439 4892 pag.
448 4820 524 4892 tta).
534 4818 587 4875 Sed
601 4819 623 4873 si
633 4816 738 4873 Laertio
751 4814 831 4870 lidenr
844 4812 955 4881 babeas,

157 4915 345 4986 Agrigentinos
365 4910 542 4983 Empedocles
566 4909 680 4983 (baert,
700 4906 746 4964 tit.
769 4905 882 4973 vttt,nr
903 4904 955 4959 l'r‘t.

158 5005 310 5077 Eutpetiac..
328 5005 418 5079 ibib:
434 5005 458 5060 si
469 5004 587 5065 AEl‘tatro,
603 5001 652 5057 lros
664 5002 737 5073 ipsos
750 4998 824 5055 Pluto
838 4996 955 5068 (AEliarr,

158 5099 202 5153 lib.
220 5097 266 5153 xtt
284 5096 345 5157 Var.
364 5096 477 5167 litator„
488 5116 546 5169 cap.
561 5095 597 5151 28
613 5094 641 5168 );
664 5095 686 5149 si
713 5080 866 5157 Plutarcho,
882 5090 958 5144 lllro·

157 5190 218 5247 diris
230 5190 399 5249 Stratonicus
422 5194 473 5249 irae
492 5190 615 5247 castricio
629 5184 785 5243 uerberarit
798 5184 808 5255 (
820 5182 955 5238 Plutarcb.

159 5285 309 5358 decapitlit.
321 5286 392 5343 dieii.
407 5286 540 5359 papate,
550 5281 660 5357 tertull).
674 5285 710 5338 bt
721 5282 786 5340 titud
796 5297 812 5335 a
823 5281 955 5352 pluribuS,

159 5393 186 5439 et
198 5382 232 5439 ela
248 5383 370 5455 pluribus
384 5382 437 5440 dici
455 5398 488 5438 aa
507 5381 593 5452 repeti
608 5381 727 5452 potuisse
745 5380 807 5452 qois
826 5376 956 5435 inliciabi·

160 5478 221 5534 tur?
243 5478 410 5550 Quicumque
431 5490 512 5546 porro
533 5474 633 5532 luerint
646 5474 675 5531 bi
689 5474 789 5546 populi,
803 5488 819 5528 a
832 5470 957 5529 Christia-

159 5588 255 5629 norum
269 5573 416 5632 sobrietate
434 5581 462 5629 et
477 5570 588 5644 jejuniis
600 5584 732 5642 perquam
746 5568 862 5627 maxime
876 5566 958 5625 alieni

160 5675 247 5721 etatttl.

196 5760 231 5814 bt
242 5776 295 5819 aron
310 5760 345 5820 de
357 5760 410 5820 illis
423 5759 516 5834 procul
533 5757 635 5826 dubio,
657 5759 706 5816 sed
720 5759 754 5816 de
768 5757 889 5831 pluribus
899 5756 959 5813 aliis

160 5846 213 5909 ltoe
225 5852 325 5912 Auctor
338 5866 432 5913 noster
448 5854 604 5928 subjunxit:
625 5851 673 5911 Tot
684 5851 799 5911 tribubus
811 5862 834 5910 et
847 5851 926 5909 carii:
936 5858 961 5908 et

322 5945 542 6013 Tuncoumuat
563 5948 591 6011 l.

1007 2864 1077 2923 mut,
1101 2856 1208 2913 saliares
1228 2856 1395 2930 appellantur
1413 2853 1499 2928 (Fert.
1522 2856 1557 2912 ab
1578 2874 1602 2915 u.
1616 2858 1712 2933 satit).
1734 2859 1809 2929 Quo·

1007 2950 1079 3011 circa
1092 2950 1206 3009 canebat
1221 2950 1349 3007 lloratius
1363 2967 1371 3005 :

1085 3064 1155 3117 Nune
1167 3074 1206 3117 est
1215 3064 1359 3124 bibendum,
1367 3075 1434 3121 nuuc
1445 3062 1511 3126 pede
1519 3062 1600 3115 libero

1086 3126 1208 3179 Pulsanda
1217 3126 1300 3188 tellus,
1311 3139 1377 3177 nune
1385 3124 1514 3177 saliaribus

1135 3189 1232 3241 Ornata
1244 3189 1465 3253 puluinardeorum

1133 3250 1242 3317 Tempus
1254 3258 1309 3303 erat
1319 3252 1430 3315 dapibus,
1441 3248 1549 3300 sodales.

1454 3330 1550 3395 libarat.
1561 3330 1603 3384 bt'b.
1612 3339 1630 3399 t,
1640 3330 1681 3385 ad.
1693 3332 1747 3400 et.)

1006 3462 1096 3535 liupes
1110 3460 1209 3535 quippe
1223 3460 1335 3519 saliares
1348 3470 1427 3517 uocat
1439 3458 1554 3531 opimas,
1568 3460 1807 3532 exquisitissimas,
1834 3530 1839 3537 Ι

1006 3554 1166 3627 magnisque
1179 3552 1331 3626 sumptibus
1343 3560 1522 3624 comparatas,
1535 3552 1633 3624 quibus
1644 3555 1810 3612 onerabatur

1006 3646 1133 3719 pulvinar
1156 3645 1281 3712 deorum,
1308 3653 1336 3701 et
1354 3644 1476 3717 postlroee
1496 3660 1512 3700 a
1534 3644 1613 3701 Saliis
1635 3646 1808 3705 vorabantur.

1006 3738 1073 3796 Earn
1088 3752 1154 3796 sane
1168 3736 1204 3794 ob
1215 3752 1338 3794 caussam
1351 3734 1479 3792 Claudius
1492 3736 1648 3809 imperator,
1664 3737 1702 3793 uti
1715 3749 1809 3795 narrat

1005 3832 1175 3892 Suetonius:
1202 3831 1281 3903 ‚letus
1303 3830 1393 3887 altiore
1416 3831 1518 3903 prandii
1542 3832 1609 3902 quati
1640 3833 1667 3887 ia
1689 3833 1808 3904 proxima

1007 3925 1101 3983 llartiu
1114 3925 1169 3981 ade
1180 3923 1365 3997 apparabatur,
1381 3921 1480 3978 deserta
1493 3922 1621 3991 tribunali,
1635 3923 1762 3979 descendit
1773 3926 1809 3979 ad

953 4059 956 4066 «
1005 4020 1164 4087 sacerdotes,
1187 4033 1289 4089 auaqtte
1303 4014 1428 4072 distabuit
1444 4014 1568 4085 (Sueten.
1584 4015 1609 4071 iu
1628 4014 1678 4072 l'it.
1694 4016 1807 4086 Claudii,

1006 4112 1092 4187 gib).
1108 4112 1239 4185 Apuleius
1258 4124 1323 4168 rero
1338 4109 1375 4165 ait
1393 4124 1491 4181 equum
1514 4123 1592 4165 suum
1614 4118 1686 4165 tanta
1710 4110 1807 4167 hordei

1006 4207 1083 4279 eopia
1103 4214 1252 4261 saturatum
1272 4202 1375 4269 luisse,
1392 4210 1419 4256 at
1438 4199 1543 4255 utiliores
1557 4216 1584 4255 ea
1596 4218 1707 4258 carratae
1720 4201 1808 4258 erede·

1005 4308 1044 4356 ret
1057 4298 1181 4372 (Apuleii,
1197 4294 1367 4367 bletamarplt.
1378 4280 1484 4361 lileV,
1498 4298 1554 4363 post
1568 4292 1659 4365 med).

1042 4392 1108 4450 Salii
1121 4402 1210 4447 autern
1224 4398 1301 4445 erant
1314 4388 1467 4444 sacerdotes
1480 4384 1611 4451 llcrculis,
1623 4386 1657 4441 de
1672 4402 1725 4457 quo
1740 4388 1806 4445 Ter·

1008 4484 1134 4542 tollianus
1156 4485 1213 4539 nae
1228 4480 1387 4538 subnectit:
1409 4476 1616 4533 Herculanarum
1636 4478 1802 4547 declararum,

1007 4584 1032 4634 eb
1055 4576 1223 4649 polluctorum
1251 4570 1446 4643 (ritanuscripti
1473 4571 1579 4627 codices
1605 4572 1804 4646 pollinctorum)

1285 4665 1383 4737 (litletn
1403 4662 1484 4727 ccliii,
1501 4664 1586 4718 etalii
1602 4680 1654 4717 tritu
1670 4664 1734 4719 editi
1757 4682 1804 4723 co·

1007 4759 1082 4817 dices
1102 4760 1251 4828 stabularii)
1271 4755 1444 4829 supputabant
1464 4742 1635 4829 (certantia.
1655 4756 1802 4830 Apologia„

1007 4869 1066 4923 cap.
1088 4850 1134 4921 59,
1156 4868 1215 4923 pag.
1232 4848 1499 4921 impenitentes
1514 4846 1725 4916 rernrrngebuut
1742 4864 1804 4906 cor·

1007 4959 1073 5015 para
1092 4955 1257 5000 rnrurtuorum
1276 4948 1304 4997 et
1323 4938 1403 4996 lutros
1419 4936 1558 4994 curabant.
1581 4937 1677 4993 Tecum
1693 4938 1804 4998 Tertul-

1009 5037 1098 5093 lianus
1115 5049 1169 5093 non
1188 5034 1295 5090 ridetur
1308 5032 1342 5088 de
1357 5032 1398 5087 iris
1413 5032 1508 5086 iecisse
1524 5046 1688 5089 surnrnncnr.
1710 5032 1804 5094 blelius

1008 5142 1074 5199 ergo
1086 5126 1269 5198 scriptumest
1282 5123 1469 5196 polluctorum,
1486 5120 1523 5175 uti
1539 5120 1692 5179 eonbrrnari
1713 5134 1802 5195 potest

1009 5218 1063 5287 bis,
1074 5217 1119 5290 qui
1133 5215 1195 5274 buia
1206 5216 1270 5275 loeo
1283 5229 1336 5271 uon
1352 5228 1447 5287 parurn
1460 5211 1529 5269 lueis
1545 5212 1701 5297 praeierunt,
1716 5216 1803 5275 Plauti

1007 5311 1151 5369 versibus:

1083 5425 1139 5479 liae
1151 5427 1248 5477 recisse
1255 5424 1305 5488 jum
1315 5433 1378 5485 opas
1389 5426 1428 5473 est
1436 5424 1553 5484 quantum
1565 5428 1647 5487 potest

1086 5488 1128 5542 Uti
1137 5489 1263 5541 decumam
1276 5495 1370 5549 partem
1380 5482 1481 5534 Herculi
1493 5483 1637 5547 polluceam.

1259 5546 1353 5613 (Plaat.
1363 5546 1438 5601 Stieis.
1451 5552 1498 5597 aet.
1509 5554 1535 5609 tt,
1547 5558 1611 5599 acea.
1622 5547 1645 5611 l,
1657 5558 1679 5599 a.
1690 5546 1742 5613 80.)

1008 5660 1130 5719 Gerrtiies
1140 5659 1210 5715 eninr
1223 5657 1356 5715 decimum
1370 5658 1501 5714 bonorum
1512 5668 1623 5711 suarum
1638 5664 1754 5727 partem,
1769 5659 1810 5717 uti

1009 5755 1112 5811 Auctor
1123 5761 1215 5809 noster
1226 5752 1350 5825 superius
1359 5750 1474 5819 dixerat,
1487 5746 1807 5822 llereulieonseerabant,

1010 5844 1239 5919 irnponebaatque
1259 5844 1364 5919 ineius
1383 5858 1480 5909 arara,
1500 5856 1534 5897 aa
1560 5847 1653 5914 postea
1668 5840 1809 5916 splendide

1438 5934 1597 6023 (Treuir.)
