<?xml version="1.0" encoding="UTF-8"?>
<!DOCTYPE html PUBLIC "-//W3C//DTD XHTML 1.0 Transitional//EN"
    "http://www.w3.org/TR/xhtml1/DTD/xhtml1-transitional.dtd">
<html xmlns="http://www.w3.org/1999/xhtml" xml:lang="en" lang="en">
 <head>
  <title>
</title>
<meta http-equiv="Content-Type" content="text/html;charset=utf-8" />
  <meta name='ocr-system' content='tesseract 3.04.00' />
  <meta name='ocr-capabilities' content='ocr_page ocr_carea ocr_par ocr_line ocrx_word'/>
</head>
<body>
  <div class='ocr_page' id='page_1' title='image "./patrologiaecurs139migngoog/patrologiaecurs139migngoog_0412.png"; bbox 0 0 4084 6334; ppageno 0'>
   <div class='ocr_carea' id='block_1_1' title="bbox 264 270 2031 481">
    <p class='ocr_par' dir='ltr' id='par_1_1' title="bbox 264 270 2031 481">
     <span class='ocr_line' id='line_1_1' title="bbox 264 270 1927 353; baseline -0.006 0"><span class='ocrx_word' id='word_1_1' title='bbox 264 284 319 353; x_wconf 82' lang='lat' dir='ltr'>tta</span> <span class='ocrx_word' id='word_1_2' title='bbox 710 306 717 318; x_wconf 93' lang='lat'><strong>·</strong></span> <span class='ocrx_word' id='word_1_3' title='bbox 799 285 833 345; x_wconf 87' lang='grc'>111</span> <span class='ocrx_word' id='word_1_4' title='bbox 852 270 1088 347; x_wconf 78' lang='lat' dir='ltr'>Teutubttlttl</span> <span class='ocrx_word' id='word_1_5' title='bbox 1105 282 1373 347; x_wconf 76' lang='lat' dir='ltr'>neotoddtictitt</span> <span class='ocrx_word' id='word_1_6' title='bbox 1864 290 1927 351; x_wconf 68' lang='lat' dir='ltr'>&#39;lte</span> 
     </span>
     <span class='ocr_line' id='line_1_2' title="bbox 264 400 2031 481; baseline -0.007 -10"><span class='ocrx_word' id='word_1_7' title='bbox 264 408 379 471; x_wconf 86' lang='lat' dir='ltr'>llomani</span> <span class='ocrx_word' id='word_1_8' title='bbox 394 405 499 481; x_wconf 89' lang='lat' dir='ltr'>imperii</span> <span class='ocrx_word' id='word_1_9' title='bbox 512 402 641 478; x_wconf 82' lang='lat' dir='ltr'>presides</span> <span class='ocrx_word' id='word_1_10' title='bbox 652 404 687 461; x_wconf 87' lang='lat' dir='ltr'>ab</span> <span class='ocrx_word' id='word_1_11' title='bbox 710 418 745 461; x_wconf 91' lang='lat' dir='ltr'>eo</span> <span class='ocrx_word' id='word_1_12' title='bbox 773 404 873 463; x_wconf 88' lang='lat' dir='ltr'>missos</span> <span class='ocrx_word' id='word_1_13' title='bbox 899 402 1001 474; x_wconf 87' lang='lat' dir='ltr'>luisse,</span> <span class='ocrx_word' id='word_1_14' title='bbox 1016 402 1062 462; x_wconf 89' lang='lat' dir='ltr'>eui</span> <span class='ocrx_word' id='word_1_15' title='bbox 1076 402 1103 464; x_wconf 80' lang='lat' dir='ltr'>A</span> <span class='ocrx_word' id='word_1_16' title='bbox 1115 410 1169 459; x_wconf 89' lang='lat' dir='ltr'>tem</span> <span class='ocrx_word' id='word_1_17' title='bbox 1182 404 1341 477; x_wconf 77' lang='lat' dir='ltr'>praecptis,</span> <span class='ocrx_word' id='word_1_18' title='bbox 1356 402 1456 477; x_wconf 90' lang='lat' dir='ltr'>quibus</span> <span class='ocrx_word' id='word_1_19' title='bbox 1468 402 1579 463; x_wconf 79' lang='lat' dir='ltr'>cuilibet</span> <span class='ocrx_word' id='word_1_20' title='bbox 1601 405 1750 465; x_wconf 85' lang='lat' dir='ltr'>christiano</span> <span class='ocrx_word' id='word_1_21' title='bbox 1772 404 1916 465; x_wconf 75' lang='lat' dir='ltr'>horrendis</span> <span class='ocrx_word' id='word_1_22' title='bbox 2030 400 2031 459; x_wconf 71' lang='lat' dir='ltr'>i</span> 
     </span>
    </p>
   </div>
   <div class='ocr_carea' id='block_1_2' title="bbox 264 496 2031 669">
    <p class='ocr_par' dir='ltr' id='par_1_2' title="bbox 264 496 2031 669">
     <span class='ocr_line' id='line_1_3' title="bbox 264 496 1916 573; baseline -0.005 -7"><span class='ocrx_word' id='word_1_23' title='bbox 264 505 487 565; x_wconf 80' lang='lat' dir='ltr'>verisimillimum</span> <span class='ocrx_word' id='word_1_24' title='bbox 507 516 561 558; x_wconf 91' lang='lat' dir='ltr'>non</span> <span class='ocrx_word' id='word_1_25' title='bbox 575 499 730 558; x_wconf 78' lang='lat' dir='ltr'>ridebitur?</span> <span class='ocrx_word' id='word_1_26' title='bbox 1117 497 1322 560; x_wconf 77' lang='lat' dir='ltr'>cruciatibusac</span> <span class='ocrx_word' id='word_1_27' title='bbox 1336 497 1417 555; x_wconf 88' lang='lat' dir='ltr'>morti</span> <span class='ocrx_word' id='word_1_28' title='bbox 1430 496 1627 557; x_wconf 82' lang='lat' dir='ltr'>erudelissima</span> <span class='ocrx_word' id='word_1_29' title='bbox 1641 500 1714 559; x_wconf 88' lang='lat' dir='ltr'>uitro</span> <span class='ocrx_word' id='word_1_30' title='bbox 1734 516 1765 559; x_wconf 88' lang='lat' dir='ltr'>se</span> <span class='ocrx_word' id='word_1_31' title='bbox 1779 515 1916 573; x_wconf 78' lang='lat' dir='ltr'>exponere</span> 
     </span>
     <span class='ocr_line' id='line_1_4' title="bbox 299 586 2031 669; baseline -0.015 -16"><span class='ocrx_word' id='word_1_32' title='bbox 299 597 392 669; x_wconf 85' lang='lat' dir='ltr'>Neque</span> <span class='ocrx_word' id='word_1_33' title='bbox 403 594 505 651; x_wconf 84' lang='lat' dir='ltr'>dixeris</span> <span class='ocrx_word' id='word_1_34' title='bbox 516 593 648 667; x_wconf 85' lang='lat' dir='ltr'>seriptum</span> <span class='ocrx_word' id='word_1_35' title='bbox 667 591 702 649; x_wconf 92' lang='lat' dir='ltr'>ab</span> <span class='ocrx_word' id='word_1_36' title='bbox 715 592 762 650; x_wconf 90' lang='lat' dir='ltr'>iiio</span> <span class='ocrx_word' id='word_1_37' title='bbox 771 608 898 667; x_wconf 91' lang='lat' dir='ltr'>quoque,</span> <span class='ocrx_word' id='word_1_38' title='bbox 924 592 951 649; x_wconf 92' lang='lat' dir='ltr'>in</span> <span class='ocrx_word' id='word_1_39' title='bbox 977 590 1065 651; x_wconf 87' lang='lat' dir='ltr'>cirris·</span> <span class='ocrx_word' id='word_1_40' title='bbox 1116 591 1269 649; x_wconf 84' lang='lat' dir='ltr'>relabatur.</span> <span class='ocrx_word' id='word_1_41' title='bbox 2030 586 2031 607; x_wconf 55' lang='grc' dir='ltr'>ι</span> 
     </span>
    </p>
   </div>
   <div class='ocr_carea' id='block_1_3' title="bbox 236 684 2031 1325">
    <p class='ocr_par' dir='ltr' id='par_1_3' title="bbox 236 684 2031 1325">
     <span class='ocr_line' id='line_1_5' title="bbox 262 684 2031 763; baseline -0.002 -14"><span class='ocrx_word' id='word_1_42' title='bbox 262 690 396 749; x_wconf 57' lang='lat' dir='ltr'>&amp;aarum</span> <span class='ocrx_word' id='word_1_43' title='bbox 410 686 720 754; x_wconf 78' lang='lat' dir='ltr'>defensionem,aiium,</span> <span class='ocrx_word' id='word_1_44' title='bbox 740 694 770 742; x_wconf 95' lang='lat' dir='ltr'>ut</span> <span class='ocrx_word' id='word_1_45' title='bbox 784 688 842 757; x_wconf 91' lang='lat' dir='ltr'>ipse</span> <span class='ocrx_word' id='word_1_46' title='bbox 862 695 957 753; x_wconf 82' lang='lat' dir='ltr'>rorat,</span> <span class='ocrx_word' id='word_1_47' title='bbox 984 684 1064 741; x_wconf 89' lang='lat' dir='ltr'>libel·</span> <span class='ocrx_word' id='word_1_48' title='bbox 1153 685 1223 754; x_wconf 82' lang='lat' dir='ltr'>Quid</span> <span class='ocrx_word' id='word_1_49' title='bbox 1247 701 1331 756; x_wconf 87' lang='lat' dir='ltr'>reru,</span> <span class='ocrx_word' id='word_1_50' title='bbox 1354 685 1480 761; x_wconf 88' lang='lat' dir='ltr'>inquiunt</span> <span class='ocrx_word' id='word_1_51' title='bbox 1502 688 1567 756; x_wconf 90' lang='lat' dir='ltr'>aiii,</span> <span class='ocrx_word' id='word_1_52' title='bbox 1595 688 1618 746; x_wconf 87' lang='lat' dir='ltr'>si</span> <span class='ocrx_word' id='word_1_53' title='bbox 1645 690 1767 763; x_wconf 75' lang='lat' dir='ltr'>martyrii</span> <span class='ocrx_word' id='word_1_54' title='bbox 1781 688 1917 747; x_wconf 87' lang='lat' dir='ltr'>desiderio</span> <span class='ocrx_word' id='word_1_55' title='bbox 2030 726 2031 757; x_wconf 47' lang='grc' dir='ltr'>ι</span> 
     </span>
     <span class='ocr_line' id='line_1_6' title="bbox 261 778 1914 857; baseline 0.001 -18"><span class='ocrx_word' id='word_1_56' title='bbox 261 784 336 850; x_wconf 83' lang='lat' dir='ltr'>iiam,</span> <span class='ocrx_word' id='word_1_57' title='bbox 350 799 432 857; x_wconf 83' lang='lat' dir='ltr'>qnam</span> <span class='ocrx_word' id='word_1_58' title='bbox 445 781 479 838; x_wconf 88' lang='lat' dir='ltr'>ad</span> <span class='ocrx_word' id='word_1_59' title='bbox 492 780 651 854; x_wconf 82' lang='lat' dir='ltr'>Scapulam,</span> <span class='ocrx_word' id='word_1_60' title='bbox 676 781 822 853; x_wconf 70' lang='lat' dir='ltr'>praeposito</span> <span class='ocrx_word' id='word_1_61' title='bbox 845 781 918 837; x_wconf 90' lang='lat' dir='ltr'>iliius</span> <span class='ocrx_word' id='word_1_62' title='bbox 931 780 1062 845; x_wconf 88' lang='lat' dir='ltr'>nomine,</span> <span class='ocrx_word' id='word_1_63' title='bbox 1115 778 1297 837; x_wconf 77' lang='lat' dir='ltr'>inflammatus</span> <span class='ocrx_word' id='word_1_64' title='bbox 1308 822 1317 848; x_wconf 98' lang='lat'>,</span> <span class='ocrx_word' id='word_1_65' title='bbox 1330 781 1460 854; x_wconf 85' lang='lat' dir='ltr'>supplicia</span> <span class='ocrx_word' id='word_1_66' title='bbox 1480 792 1650 855; x_wconf 89' lang='lat' dir='ltr'>mortemque</span> <span class='ocrx_word' id='word_1_67' title='bbox 1664 798 1714 855; x_wconf 90' lang='lat' dir='ltr'>pro</span> <span class='ocrx_word' id='word_1_68' title='bbox 1734 782 1836 841; x_wconf 83' lang='lat' dir='ltr'>christi</span> <span class='ocrx_word' id='word_1_69' title='bbox 1849 798 1914 841; x_wconf 82' lang='lat' dir='ltr'>con·</span> 
     </span>
     <span class='ocr_line' id='line_1_7' title="bbox 261 871 2031 953; baseline -0.004 -18"><span class='ocrx_word' id='word_1_70' title='bbox 261 877 371 936; x_wconf 75' lang='lat' dir='ltr'>direxit.</span> <span class='ocrx_word' id='word_1_71' title='bbox 391 876 541 953; x_wconf 68' lang='lat' dir='ltr'>Curenim,</span> <span class='ocrx_word' id='word_1_72' title='bbox 558 875 673 932; x_wconf 88' lang='lat' dir='ltr'>obsecro</span> <span class='ocrx_word' id='word_1_73' title='bbox 688 884 732 939; x_wconf 90' lang='lat' dir='ltr'>te,</span> <span class='ocrx_word' id='word_1_74' title='bbox 748 875 812 931; x_wconf 90' lang='lat' dir='ltr'>buic</span> <span class='ocrx_word' id='word_1_75' title='bbox 823 890 915 947; x_wconf 91' lang='lat' dir='ltr'>quem,</span> <span class='ocrx_word' id='word_1_76' title='bbox 928 873 1060 947; x_wconf 81' lang='lat' dir='ltr'>olrjectas,</span> <span class='ocrx_word' id='word_1_77' title='bbox 1114 871 1233 930; x_wconf 75' lang='lat' dir='ltr'>sessione</span> <span class='ocrx_word' id='word_1_78' title='bbox 1246 888 1279 931; x_wconf 90' lang='lat' dir='ltr'>eu</span> <span class='ocrx_word' id='word_1_79' title='bbox 1292 872 1382 930; x_wconf 90' lang='lat' dir='ltr'>minus</span> <span class='ocrx_word' id='word_1_80' title='bbox 1395 872 1529 942; x_wconf 90' lang='lat' dir='ltr'>timuerit,</span> <span class='ocrx_word' id='word_1_81' title='bbox 1545 890 1600 946; x_wconf 92' lang='lat' dir='ltr'>quo</span> <span class='ocrx_word' id='word_1_82' title='bbox 1612 874 1751 933; x_wconf 70' lang='lat' dir='ltr'>ardentius</span> <span class='ocrx_word' id='word_1_83' title='bbox 1763 889 1824 931; x_wconf 87' lang='lat' dir='ltr'>eam</span> <span class='ocrx_word' id='word_1_84' title='bbox 1838 884 1916 945; x_wconf 90' lang='lat' dir='ltr'>opta·</span> <span class='ocrx_word' id='word_1_85' title='bbox 2030 922 2031 929; x_wconf 72' lang='grc'>,</span> 
     </span>
     <span class='ocr_line' id='line_1_8' title="bbox 262 964 2031 1049; baseline -0.002 -21"><span class='ocrx_word' id='word_1_86' title='bbox 262 970 354 1029; x_wconf 89' lang='lat' dir='ltr'>libello</span> <span class='ocrx_word' id='word_1_87' title='bbox 368 968 541 1028; x_wconf 83' lang='lat' dir='ltr'>Proconsulis</span> <span class='ocrx_word' id='word_1_88' title='bbox 556 966 696 1039; x_wconf 86' lang='lat' dir='ltr'>preprium</span> <span class='ocrx_word' id='word_1_89' title='bbox 720 982 820 1023; x_wconf 86' lang='lat' dir='ltr'>nonten</span> <span class='ocrx_word' id='word_1_90' title='bbox 843 966 998 1037; x_wconf 76' lang='lat' dir='ltr'>inscripsit?</span> <span class='ocrx_word' id='word_1_91' title='bbox 1012 981 1062 1022; x_wconf 89' lang='lat' dir='ltr'>cnr</span> <span class='ocrx_word' id='word_1_92' title='bbox 1114 964 1258 1035; x_wconf 81' lang='lat' dir='ltr'>batiQnid</span> <span class='ocrx_word' id='word_1_93' title='bbox 1269 966 1352 1024; x_wconf 84' lang='lat' dir='ltr'>etiam</span> <span class='ocrx_word' id='word_1_94' title='bbox 1363 1008 1372 1033; x_wconf 96' lang='lat'>,</span> <span class='ocrx_word' id='word_1_95' title='bbox 1383 967 1406 1025; x_wconf 87' lang='lat' dir='ltr'>si</span> <span class='ocrx_word' id='word_1_96' title='bbox 1416 981 1576 1039; x_wconf 88' lang='lat' dir='ltr'>persuasum</span> <span class='ocrx_word' id='word_1_97' title='bbox 1589 969 1702 1025; x_wconf 87' lang='lat' dir='ltr'>onrrrirm</span> <span class='ocrx_word' id='word_1_98' title='bbox 1716 966 1917 1024; x_wconf 87' lang='lat' dir='ltr'>babuitnomen</span> <span class='ocrx_word' id='word_1_99' title='bbox 2030 994 2031 1049; x_wconf 30' lang='grc' dir='ltr'>ι</span> 
     </span>
     <span class='ocr_line' id='line_1_9' title="bbox 236 1050 1917 1137; baseline -0.002 -14"><span class='ocrx_word' id='word_1_100' title='bbox 236 1050 244 1057; x_wconf 62' lang='grc'><strong>’</strong></span> <span class='ocrx_word' id='word_1_101' title='bbox 262 1066 290 1123; x_wconf 91' lang='lat' dir='ltr'>in</span> <span class='ocrx_word' id='word_1_102' title='bbox 301 1081 335 1123; x_wconf 91' lang='lat' dir='ltr'>eo</span> <span class='ocrx_word' id='word_1_103' title='bbox 349 1065 488 1137; x_wconf 88' lang='lat' dir='ltr'>ubiquese</span> <span class='ocrx_word' id='word_1_104' title='bbox 501 1063 536 1119; x_wconf 88' lang='lat' dir='ltr'>ad</span> <span class='ocrx_word' id='word_1_105' title='bbox 546 1077 609 1121; x_wconf 77' lang='lat' dir='ltr'>etrus</span> <span class='ocrx_word' id='word_1_106' title='bbox 622 1062 761 1133; x_wconf 78' lang='lat' dir='ltr'>speciatim</span> <span class='ocrx_word' id='word_1_107' title='bbox 774 1061 894 1117; x_wconf 88' lang='lat' dir='ltr'>seribere</span> <span class='ocrx_word' id='word_1_108' title='bbox 907 1058 1062 1131; x_wconf 73' lang='lat' dir='ltr'>significati</span> <span class='ocrx_word' id='word_1_109' title='bbox 1091 1086 1095 1092; x_wconf 87' lang='lat'><strong>·</strong></span> <span class='ocrx_word' id='word_1_110' title='bbox 1113 1072 1191 1117; x_wconf 86' lang='lat' dir='ltr'>sunm</span> <span class='ocrx_word' id='word_1_111' title='bbox 1210 1061 1295 1118; x_wconf 88' lang='lat' dir='ltr'>latere</span> <span class='ocrx_word' id='word_1_112' title='bbox 1307 1060 1354 1118; x_wconf 92' lang='lat' dir='ltr'>diu</span> <span class='ocrx_word' id='word_1_113' title='bbox 1369 1061 1429 1119; x_wconf 87' lang='lat' dir='ltr'>aliis</span> <span class='ocrx_word' id='word_1_114' title='bbox 1444 1078 1497 1119; x_wconf 91' lang='lat' dir='ltr'>non</span> <span class='ocrx_word' id='word_1_115' title='bbox 1512 1063 1650 1133; x_wconf 76' lang='lat' dir='ltr'>putruisse,</span> <span class='ocrx_word' id='word_1_116' title='bbox 1665 1062 1714 1119; x_wconf 86' lang='lat' dir='ltr'>sed</span> <span class='ocrx_word' id='word_1_117' title='bbox 1742 1062 1802 1120; x_wconf 90' lang='lat' dir='ltr'>lore</span> <span class='ocrx_word' id='word_1_118' title='bbox 1814 1070 1845 1119; x_wconf 92' lang='lat' dir='ltr'>ut</span> <span class='ocrx_word' id='word_1_119' title='bbox 1858 1062 1917 1135; x_wconf 83' lang='lat' dir='ltr'>ipso</span> 
     </span>
     <span class='ocr_line' id='line_1_10' title="bbox 261 1152 2031 1226; baseline -0.001 -10"><span class='ocrx_word' id='word_1_120' title='bbox 261 1174 342 1216; x_wconf 83' lang='lat' dir='ltr'>crure</span> <span class='ocrx_word' id='word_1_121' title='bbox 366 1158 503 1215; x_wconf 72' lang='lat' dir='ltr'>constratis</span> <span class='ocrx_word' id='word_1_122' title='bbox 529 1156 558 1212; x_wconf 89' lang='lat' dir='ltr'>ia</span> <span class='ocrx_word' id='word_1_123' title='bbox 579 1154 755 1226; x_wconf 71' lang='lat' dir='ltr'>bpoloqetico</span> <span class='ocrx_word' id='word_1_124' title='bbox 779 1154 865 1211; x_wconf 90' lang='lat' dir='ltr'>multu</span> <span class='ocrx_word' id='word_1_125' title='bbox 885 1152 1004 1225; x_wconf 72' lang='lat' dir='ltr'>graviori</span> <span class='ocrx_word' id='word_1_126' title='bbox 1029 1166 1061 1209; x_wconf 87' lang='lat' dir='ltr'>ac</span> <span class='ocrx_word' id='word_1_127' title='bbox 1113 1169 1165 1211; x_wconf 90' lang='lat' dir='ltr'>suo</span> <span class='ocrx_word' id='word_1_128' title='bbox 1186 1154 1294 1213; x_wconf 86' lang='lat' dir='ltr'>dicendi</span> <span class='ocrx_word' id='word_1_129' title='bbox 1316 1170 1417 1225; x_wconf 73' lang='lat' dir='ltr'>genere</span> <span class='ocrx_word' id='word_1_130' title='bbox 1430 1158 1558 1215; x_wconf 87' lang='lat' dir='ltr'>omnibus</span> <span class='ocrx_word' id='word_1_131' title='bbox 1580 1158 1673 1216; x_wconf 87' lang='lat' dir='ltr'>statim</span> <span class='ocrx_word' id='word_1_132' title='bbox 1688 1156 1767 1220; x_wconf 79' lang='lat' dir='ltr'>deret</span> <span class='ocrx_word' id='word_1_133' title='bbox 1789 1157 1917 1216; x_wconf 88' lang='lat' dir='ltr'>maniies-</span> <span class='ocrx_word' id='word_1_134' title='bbox 2030 1152 2031 1215; x_wconf 80' lang='lat'><em>3</em></span> 
     </span>
     <span class='ocr_line' id='line_1_11' title="bbox 262 1245 2031 1325; baseline -0.001 -17"><span class='ocrx_word' id='word_1_135' title='bbox 262 1251 377 1325; x_wconf 72' lang='lat' dir='ltr'>longiori</span> <span class='ocrx_word' id='word_1_136' title='bbox 389 1252 479 1317; x_wconf 89' lang='lat' dir='ltr'>libro,</span> <span class='ocrx_word' id='word_1_137' title='bbox 495 1248 595 1305; x_wconf 87' lang='lat' dir='ltr'>nuliius</span> <span class='ocrx_word' id='word_1_138' title='bbox 605 1248 684 1319; x_wconf 89' lang='lat' dir='ltr'>piane</span> <span class='ocrx_word' id='word_1_139' title='bbox 702 1246 846 1318; x_wconf 67' lang='lat' dir='ltr'>singularis</span> <span class='ocrx_word' id='word_1_140' title='bbox 860 1245 995 1311; x_wconf 90' lang='lat' dir='ltr'>bominis,</span> <span class='ocrx_word' id='word_1_141' title='bbox 1010 1260 1062 1303; x_wconf 90' lang='lat' dir='ltr'>nec</span> <span class='ocrx_word' id='word_1_142' title='bbox 1114 1247 1191 1303; x_wconf 89' lang='lat' dir='ltr'>tuml</span> <span class='ocrx_word' id='word_1_143' title='bbox 1204 1247 1333 1315; x_wconf 82' lang='lat' dir='ltr'>Quamuis</span> <span class='ocrx_word' id='word_1_144' title='bbox 1358 1263 1425 1322; x_wconf 73' lang='lat' dir='ltr'>ergo</span> <span class='ocrx_word' id='word_1_145' title='bbox 1434 1248 1571 1321; x_wconf 79' lang='lat' dir='ltr'>judicibus</span> <span class='ocrx_word' id='word_1_146' title='bbox 1585 1249 1675 1321; x_wconf 75' lang='lat' dir='ltr'>palan</span> <span class='ocrx_word' id='word_1_147' title='bbox 1686 1266 1717 1307; x_wconf 83' lang='lat' dir='ltr'>ss</span> <span class='ocrx_word' id='word_1_148' title='bbox 1728 1250 1917 1311; x_wconf 80' lang='lat' dir='ltr'>sistersansus</span> <span class='ocrx_word' id='word_1_149' title='bbox 2030 1264 2031 1291; x_wconf 65' lang='lat' dir='ltr'>i</span> 
     </span>
    </p>
   </div>
   <div class='ocr_carea' id='block_1_4' title="bbox 255 1338 2031 3288">
    <p class='ocr_par' dir='ltr' id='par_1_4' title="bbox 260 1338 1916 1878">
     <span class='ocr_line' id='line_1_12' title="bbox 261 1338 1916 1418; baseline -0.001 -17"><span class='ocrx_word' id='word_1_150' title='bbox 261 1345 440 1418; x_wconf 84' lang='lat' dir='ltr'>quorumdam</span> <span class='ocrx_word' id='word_1_151' title='bbox 454 1342 600 1415; x_wconf 74' lang='lat' dir='ltr'>presidum</span> <span class='ocrx_word' id='word_1_152' title='bbox 615 1340 804 1413; x_wconf 18' lang='lat' dir='ltr'>nomenlullibi</span> <span class='ocrx_word' id='word_1_153' title='bbox 817 1339 950 1396; x_wconf 77' lang='lat' dir='ltr'>inseruit!</span> <span class='ocrx_word' id='word_1_154' title='bbox 965 1338 1062 1395; x_wconf 80' lang='lat' dir='ltr'>Norrrre</span> <span class='ocrx_word' id='word_1_155' title='bbox 1114 1355 1168 1397; x_wconf 90' lang='lat' dir='ltr'>uon</span> <span class='ocrx_word' id='word_1_156' title='bbox 1182 1340 1282 1407; x_wconf 88' lang='lat' dir='ltr'>luerit;</span> <span class='ocrx_word' id='word_1_157' title='bbox 1297 1342 1384 1411; x_wconf 91' lang='lat' dir='ltr'>potuit</span> <span class='ocrx_word' id='word_1_158' title='bbox 1406 1352 1498 1399; x_wconf 87' lang='lat' dir='ltr'>tamon</span> <span class='ocrx_word' id='word_1_159' title='bbox 1512 1342 1641 1409; x_wconf 80' lang='lat' dir='ltr'>occultae,</span> <span class='ocrx_word' id='word_1_160' title='bbox 1655 1352 1684 1398; x_wconf 91' lang='lat' dir='ltr'>ut</span> <span class='ocrx_word' id='word_1_161' title='bbox 1700 1342 1758 1415; x_wconf 89' lang='lat' dir='ltr'>ipsc</span> <span class='ocrx_word' id='word_1_162' title='bbox 1776 1340 1916 1410; x_wconf 78' lang='lat' dir='ltr'>innuitur,</span> 
     </span>
     <span class='ocr_line' id='line_1_13' title="bbox 262 1430 1913 1517; baseline -0.001 -24"><span class='ocrx_word' id='word_1_163' title='bbox 262 1436 322 1493; x_wconf 77' lang='lat' dir='ltr'>lucc</span> <span class='ocrx_word' id='word_1_164' title='bbox 346 1438 403 1508; x_wconf 89' lang='lat' dir='ltr'>ipsa</span> <span class='ocrx_word' id='word_1_165' title='bbox 427 1436 497 1491; x_wconf 85' lang='lat' dir='ltr'>ratio</span> <span class='ocrx_word' id='word_1_166' title='bbox 525 1443 585 1503; x_wconf 88' lang='lat' dir='ltr'>est,</span> <span class='ocrx_word' id='word_1_167' title='bbox 613 1433 676 1505; x_wconf 89' lang='lat' dir='ltr'>quia</span> <span class='ocrx_word' id='word_1_168' title='bbox 701 1430 911 1503; x_wconf 70' lang='lat' dir='ltr'>apologeticum</span> <span class='ocrx_word' id='word_1_169' title='bbox 935 1430 1062 1487; x_wconf 86' lang='lat' dir='ltr'>omnibus</span> <span class='ocrx_word' id='word_1_170' title='bbox 1114 1434 1255 1517; x_wconf 82' lang='lat' dir='ltr'>tacitarum</span> <span class='ocrx_word' id='word_1_171' title='bbox 1267 1434 1418 1491; x_wconf 84' lang='lat' dir='ltr'>tirteraram</span> <span class='ocrx_word' id='word_1_172' title='bbox 1432 1434 1483 1491; x_wconf 81' lang='lat' dir='ltr'>rite</span> <span class='ocrx_word' id='word_1_173' title='bbox 1507 1448 1586 1491; x_wconf 90' lang='lat' dir='ltr'>suum</span> <span class='ocrx_word' id='word_1_174' title='bbox 1601 1448 1700 1491; x_wconf 87' lang='lat' dir='ltr'>nomeu</span> <span class='ocrx_word' id='word_1_175' title='bbox 1717 1434 1913 1511; x_wconf 34' lang='lat' dir='ltr'>,praemittam</span> 
     </span>
     <span class='ocr_line' id='line_1_14' title="bbox 262 1523 1914 1607; baseline -0.004 -19"><span class='ocrx_word' id='word_1_176' title='bbox 262 1528 548 1607; x_wconf 76' lang='lat' dir='ltr'>qeneniiteretirrricis</span> <span class='ocrx_word' id='word_1_177' title='bbox 557 1525 718 1598; x_wconf 71' lang='lat' dir='ltr'>presidibus</span> <span class='ocrx_word' id='word_1_178' title='bbox 732 1523 907 1582; x_wconf 87' lang='lat' dir='ltr'>scribendum</span> <span class='ocrx_word' id='word_1_179' title='bbox 920 1537 983 1581; x_wconf 90' lang='lat' dir='ltr'>esse</span> <span class='ocrx_word' id='word_1_180' title='bbox 998 1538 1063 1579; x_wconf 88' lang='lat' dir='ltr'>cen·</span> <span class='ocrx_word' id='word_1_181' title='bbox 1113 1525 1185 1595; x_wconf 89' lang='lat' dir='ltr'>quod</span> <span class='ocrx_word' id='word_1_182' title='bbox 1198 1524 1245 1583; x_wconf 90' lang='lat' dir='ltr'>diu</span> <span class='ocrx_word' id='word_1_183' title='bbox 1258 1526 1398 1583; x_wconf 83' lang='lat' dir='ltr'>nceutme</span> <span class='ocrx_word' id='word_1_184' title='bbox 1420 1542 1474 1584; x_wconf 91' lang='lat' dir='ltr'>non</span> <span class='ocrx_word' id='word_1_185' title='bbox 1488 1534 1606 1599; x_wconf 89' lang='lat' dir='ltr'>poterat.</span> <span class='ocrx_word' id='word_1_186' title='bbox 1635 1524 1713 1583; x_wconf 78' lang='lat' dir='ltr'>Nulla</span> <span class='ocrx_word' id='word_1_187' title='bbox 1738 1541 1844 1601; x_wconf 82' lang='lat' dir='ltr'>quoqne</span> <span class='ocrx_word' id='word_1_188' title='bbox 1871 1530 1914 1582; x_wconf 82' lang='lat' dir='ltr'>ri·</span> 
     </span>
     <span class='ocr_line' id='line_1_15' title="bbox 262 1617 1914 1691; baseline -0.004 -9"><span class='ocrx_word' id='word_1_189' title='bbox 262 1625 339 1682; x_wconf 81' lang='lat' dir='ltr'>ruiti</span> <span class='ocrx_word' id='word_1_190' title='bbox 360 1622 481 1680; x_wconf 79' lang='lat' dir='ltr'>Tteerte</span> <span class='ocrx_word' id='word_1_191' title='bbox 503 1620 648 1677; x_wconf 87' lang='lat' dir='ltr'>isridetur</span> <span class='ocrx_word' id='word_1_192' title='bbox 667 1633 729 1677; x_wconf 90' lang='lat' dir='ltr'>esse</span> <span class='ocrx_word' id='word_1_193' title='bbox 751 1619 898 1689; x_wconf 86' lang='lat' dir='ltr'>primorum</span> <span class='ocrx_word' id='word_1_194' title='bbox 913 1617 1062 1675; x_wconf 88' lang='lat' dir='ltr'>iibriiiiius</span> <span class='ocrx_word' id='word_1_195' title='bbox 1113 1617 1193 1675; x_wconf 89' lang='lat' dir='ltr'>delur</span> <span class='ocrx_word' id='word_1_196' title='bbox 1219 1632 1282 1675; x_wconf 90' lang='lat' dir='ltr'>esse</span> <span class='ocrx_word' id='word_1_197' title='bbox 1296 1619 1386 1685; x_wconf 89' lang='lat' dir='ltr'>ratio,</span> <span class='ocrx_word' id='word_1_198' title='bbox 1401 1634 1449 1676; x_wconf 87' lang='lat' dir='ltr'>eur</span> <span class='ocrx_word' id='word_1_199' title='bbox 1472 1619 1501 1677; x_wconf 91' lang='lat' dir='ltr'>iu</span> <span class='ocrx_word' id='word_1_200' title='bbox 1527 1618 1607 1691; x_wconf 73' lang='lat' dir='ltr'>burins</span> <span class='ocrx_word' id='word_1_201' title='bbox 1623 1620 1712 1691; x_wconf 86' lang='lat' dir='ltr'>potius</span> <span class='ocrx_word' id='word_1_202' title='bbox 1735 1618 1817 1687; x_wconf 92' lang='lat' dir='ltr'>iibri,</span> <span class='ocrx_word' id='word_1_203' title='bbox 1831 1634 1914 1691; x_wconf 83' lang='lat' dir='ltr'>quam</span> 
     </span>
     <span class='ocr_line' id='line_1_16' title="bbox 266 1708 1916 1785; baseline -0.004 -12"><span class='ocrx_word' id='word_1_204' title='bbox 266 1716 412 1773; x_wconf 82' lang='lat' dir='ltr'>rerbor&#39;um</span> <span class='ocrx_word' id='word_1_205' title='bbox 425 1728 523 1771; x_wconf 86' lang='lat' dir='ltr'>sensus</span> <span class='ocrx_word' id='word_1_206' title='bbox 537 1732 546 1771; x_wconf 73' lang='grc' dir='ltr'>ι</span> <span class='ocrx_word' id='word_1_207' title='bbox 561 1712 592 1769; x_wconf 86' lang='lat' dir='ltr'>Si</span> <span class='ocrx_word' id='word_1_208' title='bbox 602 1728 655 1767; x_wconf 88' lang='lat' dir='ltr'>non</span> <span class='ocrx_word' id='word_1_209' title='bbox 668 1711 726 1767; x_wconf 83' lang='lat' dir='ltr'>iicet</span> <span class='ocrx_word' id='word_1_210' title='bbox 739 1712 822 1779; x_wconf 72' lang='lat' dir='ltr'>nobs,</span> <span class='ocrx_word' id='word_1_211' title='bbox 841 1711 951 1767; x_wconf 80' lang='lat' dir='ltr'>dorrroni</span> <span class='ocrx_word' id='word_1_212' title='bbox 961 1711 1062 1780; x_wconf 83' lang='lat' dir='ltr'>imperii</span> <span class='ocrx_word' id='word_1_213' title='bbox 1115 1710 1229 1767; x_wconf 88' lang='lat' dir='ltr'>aliorum</span> <span class='ocrx_word' id='word_1_214' title='bbox 1239 1710 1274 1767; x_wconf 84' lang='lat' dir='ltr'>ad</span> <span class='ocrx_word' id='word_1_215' title='bbox 1286 1708 1411 1769; x_wconf 76' lang='lat' dir='ltr'>Nationes</span> <span class='ocrx_word' id='word_1_216' title='bbox 1424 1719 1456 1770; x_wconf 86' lang='lat' dir='ltr'>et</span> <span class='ocrx_word' id='word_1_217' title='bbox 1466 1710 1608 1785; x_wconf 82' lang='lat' dir='ltr'>Scapulam</span> <span class='ocrx_word' id='word_1_218' title='bbox 1620 1710 1699 1769; x_wconf 90' lang='lat' dir='ltr'>titulo</span> <span class='ocrx_word' id='word_1_219' title='bbox 1722 1726 1822 1769; x_wconf 86' lang='lat' dir='ltr'>nemun</span> <span class='ocrx_word' id='word_1_220' title='bbox 1835 1726 1916 1769; x_wconf 88' lang='lat' dir='ltr'>suurn</span> 
     </span>
     <span class='ocr_line' id='line_1_17' title="bbox 260 1788 1261 1878; baseline -0.004 -12"><span class='ocrx_word' id='word_1_221' title='bbox 260 1809 408 1872; x_wconf 79' lang='lat' dir='ltr'>antistites,</span> <span class='ocrx_word' id='word_1_222' title='bbox 422 1807 521 1875; x_wconf 87' lang='lat' dir='ltr'>idest,</span> <span class='ocrx_word' id='word_1_223' title='bbox 542 1806 589 1878; x_wconf 90' lang='lat' dir='ltr'>qui</span> <span class='ocrx_word' id='word_1_224' title='bbox 604 1806 630 1860; x_wconf 92' lang='lat' dir='ltr'>in</span> <span class='ocrx_word' id='word_1_225' title='bbox 657 1812 715 1861; x_wconf 89' lang='lat' dir='ltr'>toto</span> <span class='ocrx_word' id='word_1_226' title='bbox 729 1802 852 1861; x_wconf 86' lang='lat' dir='ltr'>iiomano</span> <span class='ocrx_word' id='word_1_227' title='bbox 873 1794 987 1874; x_wconf 82' lang='lat' dir='ltr'>irnperio</span> <span class='ocrx_word' id='word_1_228' title='bbox 1001 1803 1059 1874; x_wconf 89' lang='lat' dir='ltr'>pri·</span> <span class='ocrx_word' id='word_1_229' title='bbox 1075 1788 1100 1849; x_wconf 81' lang='grc' dir='ltr'><em>Β</em></span> <span class='ocrx_word' id='word_1_230' title='bbox 1113 1806 1261 1862; x_wconf 88' lang='lat' dir='ltr'>reticuerit.</span> 
     </span>
    </p>

    <p class='ocr_par' dir='ltr' id='par_1_5' title="bbox 255 1896 2031 3288">
     <span class='ocr_line' id='line_1_18' title="bbox 260 1896 1916 1975; baseline -0.002 -13"><span class='ocrx_word' id='word_1_231' title='bbox 260 1906 359 1971; x_wconf 89' lang='lat' dir='ltr'>marii,</span> <span class='ocrx_word' id='word_1_232' title='bbox 375 1903 513 1975; x_wconf 83' lang='lat' dir='ltr'>prinsipes</span> <span class='ocrx_word' id='word_1_233' title='bbox 524 1943 532 1969; x_wconf 95' lang='lat'>,</span> <span class='ocrx_word' id='word_1_234' title='bbox 545 1910 573 1958; x_wconf 92' lang='lat' dir='ltr'>et</span> <span class='ocrx_word' id='word_1_235' title='bbox 587 1898 716 1971; x_wconf 69' lang='lat' dir='ltr'>presides</span> <span class='ocrx_word' id='word_1_236' title='bbox 730 1898 816 1967; x_wconf 88' lang='lat' dir='ltr'>estis,</span> <span class='ocrx_word' id='word_1_237' title='bbox 831 1898 859 1953; x_wconf 87' lang='lat' dir='ltr'>in</span> <span class='ocrx_word' id='word_1_238' title='bbox 872 1906 995 1969; x_wconf 80' lang='lat' dir='ltr'>apertast</span> <span class='ocrx_word' id='word_1_239' title='bbox 1008 1897 1061 1953; x_wconf 81' lang='lat' dir='ltr'>sdi-</span> <span class='ocrx_word' id='word_1_240' title='bbox 1147 1896 1280 1956; x_wconf 75' lang='lat' dir='ltr'>Ceterum</span> <span class='ocrx_word' id='word_1_241' title='bbox 1293 1898 1422 1973; x_wconf 88' lang='lat' dir='ltr'>quidquid</span> <span class='ocrx_word' id='word_1_242' title='bbox 1432 1900 1467 1958; x_wconf 91' lang='lat' dir='ltr'>de</span> <span class='ocrx_word' id='word_1_243' title='bbox 1477 1901 1559 1959; x_wconf 88' lang='lat' dir='ltr'>tacito</span> <span class='ocrx_word' id='word_1_244' title='bbox 1577 1902 1637 1959; x_wconf 86' lang='lat' dir='ltr'>sire</span> <span class='ocrx_word' id='word_1_245' title='bbox 1650 1916 1781 1973; x_wconf 78' lang='lat' dir='ltr'>expressa</span> <span class='ocrx_word' id='word_1_246' title='bbox 1803 1898 1916 1961; x_wconf 83' lang='lat' dir='ltr'>Tertul-</span> 
     </span>
     <span class='ocr_line' id='line_1_19' title="bbox 262 1989 1916 2069; baseline 0 -16"><span class='ocrx_word' id='word_1_247' title='bbox 262 2008 303 2066; x_wconf 90' lang='lat' dir='ltr'>to,</span> <span class='ocrx_word' id='word_1_248' title='bbox 316 1998 344 2053; x_wconf 91' lang='lat' dir='ltr'>in</span> <span class='ocrx_word' id='word_1_249' title='bbox 359 1995 533 2069; x_wconf 80' lang='lat' dir='ltr'>(quuuitirna</span> <span class='ocrx_word' id='word_1_250' title='bbox 549 1990 679 2065; x_wconf 84' lang='lat' dir='ltr'>particula</span> <span class='ocrx_word' id='word_1_251' title='bbox 694 1989 865 2047; x_wconf 79' lang='lat' dir='ltr'>desideretur</span> <span class='ocrx_word' id='word_1_252' title='bbox 884 1990 912 2046; x_wconf 91' lang='lat' dir='ltr'>iu</span> <span class='ocrx_word' id='word_1_253' title='bbox 932 1989 1060 2046; x_wconf 88' lang='lat' dir='ltr'>omnibus</span> <span class='ocrx_word' id='word_1_254' title='bbox 1110 1990 1174 2047; x_wconf 85' lang='lat' dir='ltr'>ilani</span> <span class='ocrx_word' id='word_1_255' title='bbox 1190 1992 1469 2059; x_wconf 86' lang='lat' dir='ltr'>nominedeiiuiatur,</span> <span class='ocrx_word' id='word_1_256' title='bbox 1486 1994 1587 2051; x_wconf 84' lang='lat' dir='ltr'>nemini</span> <span class='ocrx_word' id='word_1_257' title='bbox 1609 1993 1689 2065; x_wconf 88' lang='lat' dir='ltr'>piane</span> <span class='ocrx_word' id='word_1_258' title='bbox 1713 1992 1826 2051; x_wconf 88' lang='lat' dir='ltr'>dubiam</span> <span class='ocrx_word' id='word_1_259' title='bbox 1849 2009 1916 2053; x_wconf 84' lang='lat' dir='ltr'>esso</span> 
     </span>
     <span class='ocr_line' id='line_1_20' title="bbox 259 2079 1913 2159; baseline -0.002 -13"><span class='ocrx_word' id='word_1_260' title='bbox 259 2088 399 2146; x_wconf 84' lang='lat' dir='ltr'>codicibus</span> <span class='ocrx_word' id='word_1_261' title='bbox 413 2088 514 2145; x_wconf 87' lang='lat' dir='ltr'>nostris</span> <span class='ocrx_word' id='word_1_262' title='bbox 525 2127 535 2155; x_wconf 97' lang='lat'>,</span> <span class='ocrx_word' id='word_1_263' title='bbox 548 2095 576 2143; x_wconf 87' lang='lat' dir='ltr'>et</span> <span class='ocrx_word' id='word_1_264' title='bbox 598 2084 680 2141; x_wconf 84' lang='lat' dir='ltr'>editis</span> <span class='ocrx_word' id='word_1_265' title='bbox 699 2079 909 2155; x_wconf 77' lang='lat' dir='ltr'>antiquioribus)</span> <span class='ocrx_word' id='word_1_266' title='bbox 928 2082 986 2155; x_wconf 84' lang='lat' dir='ltr'>ipso</span> <span class='ocrx_word' id='word_1_267' title='bbox 1005 2086 1061 2154; x_wconf 69' lang='lat' dir='ltr'>iere</span> <span class='ocrx_word' id='word_1_268' title='bbox 1109 2082 1190 2141; x_wconf 90' lang='lat' dir='ltr'>debet</span> <span class='ocrx_word' id='word_1_269' title='bbox 1204 2084 1269 2142; x_wconf 91' lang='lat' dir='ltr'>illud</span> <span class='ocrx_word' id='word_1_270' title='bbox 1285 2086 1381 2142; x_wconf 88' lang='lat' dir='ltr'>saitem</span> <span class='ocrx_word' id='word_1_271' title='bbox 1394 2086 1550 2143; x_wconf 84' lang='lat' dir='ltr'>christianis</span> <span class='ocrx_word' id='word_1_272' title='bbox 1563 2101 1615 2143; x_wconf 91' lang='lat' dir='ltr'>non</span> <span class='ocrx_word' id='word_1_273' title='bbox 1629 2086 1675 2143; x_wconf 93' lang='lat' dir='ltr'>diu</span> <span class='ocrx_word' id='word_1_274' title='bbox 1689 2084 1774 2143; x_wconf 85' lang='lat' dir='ltr'>luisse</span> <span class='ocrx_word' id='word_1_275' title='bbox 1786 2085 1913 2159; x_wconf 73' lang='lat' dir='ltr'>inespui·</span> 
     </span>
     <span class='ocr_line' id='line_1_21' title="bbox 258 2173 1913 2253; baseline -0.001 -14"><span class='ocrx_word' id='word_1_276' title='bbox 258 2186 350 2240; x_wconf 81' lang='lat' dir='ltr'>uertice</span> <span class='ocrx_word' id='word_1_277' title='bbox 362 2183 491 2250; x_wconf 75' lang='lat' dir='ltr'>astruis,</span> <span class='ocrx_word' id='word_1_278' title='bbox 506 2179 633 2237; x_wconf 83' lang='lat' dir='ltr'>uimirtun</span> <span class='ocrx_word' id='word_1_279' title='bbox 647 2177 778 2249; x_wconf 81' lang='lat' dir='ltr'>cuiusque</span> <span class='ocrx_word' id='word_1_280' title='bbox 799 2173 1003 2248; x_wconf 72' lang='lat' dir='ltr'>prandentibus.</span> <span class='ocrx_word' id='word_1_281' title='bbox 1019 2173 1058 2231; x_wconf 89' lang='lat' dir='ltr'>ibi</span> <span class='ocrx_word' id='word_1_282' title='bbox 1110 2186 1177 2235; x_wconf 90' lang='lat' dir='ltr'>tum.</span> <span class='ocrx_word' id='word_1_283' title='bbox 1193 2176 1286 2250; x_wconf 80' lang='lat' dir='ltr'>Neque</span> <span class='ocrx_word' id='word_1_284' title='bbox 1299 2180 1372 2236; x_wconf 89' lang='lat' dir='ltr'>enim</span> <span class='ocrx_word' id='word_1_285' title='bbox 1385 2180 1465 2237; x_wconf 89' lang='lat' dir='ltr'>latuit</span> <span class='ocrx_word' id='word_1_286' title='bbox 1478 2179 1614 2249; x_wconf 81' lang='lat' dir='ltr'>Ertsebio,</span> <span class='ocrx_word' id='word_1_287' title='bbox 1634 2196 1722 2253; x_wconf 89' lang='lat' dir='ltr'>neque</span> <span class='ocrx_word' id='word_1_288' title='bbox 1746 2179 1913 2251; x_wconf 75' lang='lat' dir='ltr'>Lactantio,</span> 
     </span>
     <span class='ocr_line' id='line_1_22' title="bbox 259 2266 1911 2343; baseline -0.002 -10"><span class='ocrx_word' id='word_1_289' title='bbox 259 2276 331 2333; x_wconf 87' lang='lat' dir='ltr'>enim</span> <span class='ocrx_word' id='word_1_290' title='bbox 347 2274 487 2333; x_wconf 88' lang='lat' dir='ltr'>indelinite</span> <span class='ocrx_word' id='word_1_291' title='bbox 498 2272 588 2329; x_wconf 82' lang='lat' dir='ltr'>dixit:</span> <span class='ocrx_word' id='word_1_292' title='bbox 605 2269 830 2337; x_wconf 78' lang='lat' dir='ltr'>Ronmniimprrii</span> <span class='ocrx_word' id='word_1_293' title='bbox 850 2268 996 2334; x_wconf 60' lang='lat' dir='ltr'>mastiter,</span> <span class='ocrx_word' id='word_1_294' title='bbox 1010 2266 1057 2339; x_wconf 88' lang='lat' dir='ltr'>qtri</span> <span class='ocrx_word' id='word_1_295' title='bbox 1108 2272 1154 2342; x_wconf 89' lang='lat' dir='ltr'>qui</span> <span class='ocrx_word' id='word_1_296' title='bbox 1166 2270 1240 2329; x_wconf 80' lang='lat' dir='ltr'>burte</span> <span class='ocrx_word' id='word_1_297' title='bbox 1252 2270 1415 2329; x_wconf 89' lang='lat' dir='ltr'>iibrumnon</span> <span class='ocrx_word' id='word_1_298' title='bbox 1429 2272 1618 2341; x_wconf 86' lang='lat' dir='ltr'>dissimulato,</span> <span class='ocrx_word' id='word_1_299' title='bbox 1635 2272 1674 2328; x_wconf 93' lang='lat' dir='ltr'>uti</span> <span class='ocrx_word' id='word_1_300' title='bbox 1700 2270 1834 2339; x_wconf 82' lang='lat' dir='ltr'>uidimus,</span> <span class='ocrx_word' id='word_1_301' title='bbox 1848 2271 1911 2343; x_wconf 76' lang='lat' dir='ltr'>eius</span> 
     </span>
     <span class='ocr_line' id='line_1_23' title="bbox 258 2360 1913 2440; baseline -0.002 -14"><span class='ocrx_word' id='word_1_302' title='bbox 258 2370 286 2426; x_wconf 92' lang='lat' dir='ltr'>in</span> <span class='ocrx_word' id='word_1_303' title='bbox 299 2378 485 2440; x_wconf 78' lang='lat' dir='ltr'>spectentque</span> <span class='ocrx_word' id='word_1_304' title='bbox 496 2366 569 2423; x_wconf 91' lang='lat' dir='ltr'>edita</span> <span class='ocrx_word' id='word_1_305' title='bbox 582 2366 641 2436; x_wconf 88' lang='lat' dir='ltr'>ipso</span> <span class='ocrx_word' id='word_1_306' title='bbox 662 2364 763 2421; x_wconf 79' lang='lat' dir='ltr'>uertice</span> <span class='ocrx_word' id='word_1_307' title='bbox 785 2361 903 2419; x_wconf 80' lang='lat' dir='ltr'>civitatis</span> <span class='ocrx_word' id='word_1_308' title='bbox 914 2360 1059 2432; x_wconf 74' lang='lat' dir='ltr'>cuiuslibet</span> <span class='ocrx_word' id='word_1_309' title='bbox 1108 2366 1219 2421; x_wconf 88' lang='lat' dir='ltr'>nomine</span> <span class='ocrx_word' id='word_1_310' title='bbox 1239 2364 1401 2422; x_wconf 78' lang='lat' dir='ltr'>citaverunt.</span> <span class='ocrx_word' id='word_1_311' title='bbox 1433 2365 1570 2435; x_wconf 78' lang='lat' dir='ltr'>Quosdam</span> <span class='ocrx_word' id='word_1_312' title='bbox 1586 2366 1666 2437; x_wconf 81' lang='lat' dir='ltr'>igitur</span> <span class='ocrx_word' id='word_1_313' title='bbox 1687 2364 1766 2436; x_wconf 82' lang='lat' dir='ltr'>hujus</span> <span class='ocrx_word' id='word_1_314' title='bbox 1778 2364 1837 2421; x_wconf 89' lang='lat' dir='ltr'>libri</span> <span class='ocrx_word' id='word_1_315' title='bbox 1861 2378 1913 2423; x_wconf 86' lang='lat' dir='ltr'>du·</span> 
     </span>
     <span class='ocr_line' id='line_1_24' title="bbox 258 2453 1911 2534; baseline 0 -17"><span class='ocrx_word' id='word_1_316' title='bbox 258 2462 293 2517; x_wconf 90' lang='lat' dir='ltr'>ad</span> <span class='ocrx_word' id='word_1_317' title='bbox 304 2461 371 2517; x_wconf 91' lang='lat' dir='ltr'>aiios</span> <span class='ocrx_word' id='word_1_318' title='bbox 383 2458 546 2532; x_wconf 79' lang='lat' dir='ltr'>judicandus</span> <span class='ocrx_word' id='word_1_319' title='bbox 557 2456 721 2530; x_wconf 71' lang='lat' dir='ltr'>praesidetis.</span> <span class='ocrx_word' id='word_1_320' title='bbox 738 2457 774 2512; x_wconf 85' lang='lat' dir='ltr'>iit</span> <span class='ocrx_word' id='word_1_321' title='bbox 785 2455 845 2513; x_wconf 83' lang='lat' dir='ltr'>baec</span> <span class='ocrx_word' id='word_1_322' title='bbox 857 2453 1057 2526; x_wconf 79' lang='lat' dir='ltr'>interpretatio,</span> <span class='ocrx_word' id='word_1_323' title='bbox 1107 2456 1183 2515; x_wconf 88' lang='lat' dir='ltr'>dices</span> <span class='ocrx_word' id='word_1_324' title='bbox 1195 2458 1230 2515; x_wconf 90' lang='lat' dir='ltr'>ad</span> <span class='ocrx_word' id='word_1_325' title='bbox 1244 2474 1353 2517; x_wconf 85' lang='lat' dir='ltr'>manure</span> <span class='ocrx_word' id='word_1_326' title='bbox 1368 2453 1521 2527; x_wconf 82' lang='lat' dir='ltr'>lrabebn&#39;ut,</span> <span class='ocrx_word' id='word_1_327' title='bbox 1537 2462 1595 2531; x_wconf 87' lang='lat' dir='ltr'>ipso</span> <span class='ocrx_word' id='word_1_328' title='bbox 1609 2458 1768 2516; x_wconf 76' lang='lat' dir='ltr'>Tertulliani</span> <span class='ocrx_word' id='word_1_329' title='bbox 1784 2470 1911 2534; x_wconf 87' lang='lat' dir='ltr'>tempora</span> 
     </span>
     <span class='ocr_line' id='line_1_25' title="bbox 258 2546 1905 2633; baseline 0.002 -24"><span class='ocrx_word' id='word_1_330' title='bbox 258 2563 288 2609; x_wconf 88' lang='lat' dir='ltr'>et</span> <span class='ocrx_word' id='word_1_331' title='bbox 303 2554 381 2609; x_wconf 88' lang='lat' dir='ltr'>tertia</span> <span class='ocrx_word' id='word_1_332' title='bbox 395 2552 504 2624; x_wconf 88' lang='lat' dir='ltr'>opinio,</span> <span class='ocrx_word' id='word_1_333' title='bbox 521 2548 554 2607; x_wconf 85' lang='lat' dir='ltr'>id</span> <span class='ocrx_word' id='word_1_334' title='bbox 560 2550 656 2607; x_wconf 85' lang='lat' dir='ltr'>saitem</span> <span class='ocrx_word' id='word_1_335' title='bbox 671 2549 752 2606; x_wconf 90' lang='lat' dir='ltr'>babet</span> <span class='ocrx_word' id='word_1_336' title='bbox 763 2546 918 2618; x_wconf 89' lang='lat' dir='ltr'>commodi,</span> <span class='ocrx_word' id='word_1_337' title='bbox 933 2546 1007 2620; x_wconf 89' lang='lat' dir='ltr'>quod</span> <span class='ocrx_word' id='word_1_338' title='bbox 1015 2547 1057 2628; x_wconf 75' lang='lat' dir='ltr'>ia·</span> <span class='ocrx_word' id='word_1_339' title='bbox 1108 2550 1181 2611; x_wconf 81' lang='lat' dir='ltr'>baud</span> <span class='ocrx_word' id='word_1_340' title='bbox 1190 2552 1273 2611; x_wconf 83' lang='lat' dir='ltr'>dtrbie</span> <span class='ocrx_word' id='word_1_341' title='bbox 1282 2552 1451 2626; x_wconf 80' lang='lat' dir='ltr'>descriptos,</span> <span class='ocrx_word' id='word_1_342' title='bbox 1464 2554 1490 2609; x_wconf 89' lang='lat' dir='ltr'>in</span> <span class='ocrx_word' id='word_1_343' title='bbox 1506 2554 1604 2626; x_wconf 88' lang='lat' dir='ltr'>quibus</span> <span class='ocrx_word' id='word_1_344' title='bbox 1616 2569 1716 2633; x_wconf 85' lang='lat' dir='ltr'>nomen</span> <span class='ocrx_word' id='word_1_345' title='bbox 1728 2554 1788 2624; x_wconf 82' lang='lat' dir='ltr'>ejus</span> <span class='ocrx_word' id='word_1_346' title='bbox 1801 2570 1905 2627; x_wconf 75' lang='lat' dir='ltr'>praepe</span> 
     </span>
     <span class='ocr_line' id='line_1_26' title="bbox 257 2641 1911 2718; baseline 0.001 -14"><span class='ocrx_word' id='word_1_347' title='bbox 257 2645 311 2704; x_wconf 86' lang='lat' dir='ltr'>ciis</span> <span class='ocrx_word' id='word_1_348' title='bbox 326 2644 402 2701; x_wconf 91' lang='lat' dir='ltr'>tollat</span> <span class='ocrx_word' id='word_1_349' title='bbox 415 2644 569 2716; x_wconf 88' lang='lat' dir='ltr'>propositas</span> <span class='ocrx_word' id='word_1_350' title='bbox 580 2643 616 2698; x_wconf 92' lang='lat' dir='ltr'>ab</span> <span class='ocrx_word' id='word_1_351' title='bbox 627 2643 741 2699; x_wconf 87' lang='lat' dir='ltr'>aliarum</span> <span class='ocrx_word' id='word_1_352' title='bbox 756 2641 951 2699; x_wconf 78' lang='lat' dir='ltr'>senteudarum</span> <span class='ocrx_word' id='word_1_353' title='bbox 964 2649 1057 2713; x_wconf 88' lang='lat' dir='ltr'>patro-</span> <span class='ocrx_word' id='word_1_354' title='bbox 1108 2645 1190 2703; x_wconf 87' lang='lat' dir='ltr'>situm</span> <span class='ocrx_word' id='word_1_355' title='bbox 1205 2654 1274 2703; x_wconf 87' lang='lat' dir='ltr'>erat.</span> <span class='ocrx_word' id='word_1_356' title='bbox 1295 2645 1326 2702; x_wconf 88' lang='lat' dir='ltr'>in</span> <span class='ocrx_word' id='word_1_357' title='bbox 1349 2646 1455 2703; x_wconf 87' lang='lat' dir='ltr'>duobus</span> <span class='ocrx_word' id='word_1_358' title='bbox 1468 2656 1558 2704; x_wconf 85' lang='lat' dir='ltr'>autem</span> <span class='ocrx_word' id='word_1_359' title='bbox 1583 2645 1779 2718; x_wconf 82' lang='lat' dir='ltr'>antiquissimis</span> <span class='ocrx_word' id='word_1_360' title='bbox 1806 2651 1911 2706; x_wconf 85' lang='lat' dir='ltr'>nostris</span> 
     </span>
     <span class='ocr_line' id='line_1_27' title="bbox 258 2734 1911 2815; baseline 0.002 -20"><span class='ocrx_word' id='word_1_361' title='bbox 258 2738 302 2795; x_wconf 89' lang='lat' dir='ltr'>nis</span> <span class='ocrx_word' id='word_1_362' title='bbox 311 2736 498 2804; x_wconf 84' lang='lat' dir='ltr'>dililcuitates,</span> <span class='ocrx_word' id='word_1_363' title='bbox 509 2746 537 2793; x_wconf 91' lang='lat' dir='ltr'>et</span> <span class='ocrx_word' id='word_1_364' title='bbox 549 2736 680 2806; x_wconf 82' lang='lat' dir='ltr'>ipsasmet</span> <span class='ocrx_word' id='word_1_365' title='bbox 692 2734 814 2792; x_wconf 77' lang='lat' dir='ltr'>diversas</span> <span class='ocrx_word' id='word_1_366' title='bbox 827 2735 977 2791; x_wconf 89' lang='lat' dir='ltr'>sententias</span> <span class='ocrx_word' id='word_1_367' title='bbox 987 2735 1058 2792; x_wconf 84' lang='lat' dir='ltr'>inter</span> <span class='ocrx_word' id='word_1_368' title='bbox 1108 2739 1247 2796; x_wconf 85' lang='lat' dir='ltr'>codicibus</span> <span class='ocrx_word' id='word_1_369' title='bbox 1265 2740 1456 2813; x_wconf 77' lang='lat' dir='ltr'>manuscriptis</span> <span class='ocrx_word' id='word_1_370' title='bbox 1472 2739 1516 2799; x_wconf 88' lang='lat' dir='ltr'>ltic</span> <span class='ocrx_word' id='word_1_371' title='bbox 1529 2751 1570 2798; x_wconf 84' lang='lat' dir='ltr'>est</span> <span class='ocrx_word' id='word_1_372' title='bbox 1582 2741 1654 2797; x_wconf 89' lang='lat' dir='ltr'>iliius</span> <span class='ocrx_word' id='word_1_373' title='bbox 1667 2741 1761 2801; x_wconf 91' lang='lat' dir='ltr'>titulus</span> <span class='ocrx_word' id='word_1_374' title='bbox 1776 2761 1783 2797; x_wconf 92' lang='lat'>:</span> <span class='ocrx_word' id='word_1_375' title='bbox 1810 2742 1911 2815; x_wconf 79' lang='lat' dir='ltr'>ripalo-</span> 
     </span>
     <span class='ocr_line' id='line_1_28' title="bbox 258 2827 1911 2909; baseline 0.002 -20"><span class='ocrx_word' id='word_1_376' title='bbox 258 2831 432 2889; x_wconf 88' lang='lat' dir='ltr'>seconciliet.</span> <span class='ocrx_word' id='word_1_377' title='bbox 447 2830 513 2888; x_wconf 85' lang='lat' dir='ltr'>Nasu</span> <span class='ocrx_word' id='word_1_378' title='bbox 528 2829 590 2886; x_wconf 86' lang='lat' dir='ltr'>irinc</span> <span class='ocrx_word' id='word_1_379' title='bbox 606 2828 685 2885; x_wconf 80' lang='lat' dir='ltr'>facile</span> <span class='ocrx_word' id='word_1_380' title='bbox 697 2828 911 2900; x_wconf 77' lang='lat' dir='ltr'>inrediqirureur</span> <span class='ocrx_word' id='word_1_381' title='bbox 924 2827 1056 2901; x_wconf 84' lang='lat' dir='ltr'>quosdam</span> <span class='ocrx_word' id='word_1_382' title='bbox 1108 2828 1400 2904; x_wconf 71' lang='lat' dir='ltr'>poticnanertnliianir</span> <span class='ocrx_word' id='word_1_383' title='bbox 1419 2842 1446 2890; x_wconf 85' lang='lat' dir='ltr'>et</span> <span class='ocrx_word' id='word_1_384' title='bbox 1459 2832 1485 2889; x_wconf 92' lang='lat' dir='ltr'>in</span> <span class='ocrx_word' id='word_1_385' title='bbox 1509 2833 1563 2890; x_wconf 84' lang='lat' dir='ltr'>irre</span> <span class='ocrx_word' id='word_1_386' title='bbox 1575 2832 1633 2890; x_wconf 72' lang='lat' dir='ltr'>bate</span> <span class='ocrx_word' id='word_1_387' title='bbox 1657 2834 1739 2891; x_wconf 82' lang='lat' dir='ltr'>rerba</span> <span class='ocrx_word' id='word_1_388' title='bbox 1755 2834 1879 2909; x_wconf 73' lang='lat' dir='ltr'>leguntur</span> <span class='ocrx_word' id='word_1_389' title='bbox 1902 2856 1911 2895; x_wconf 92' lang='lat'><strong>:</strong></span> 
     </span>
     <span class='ocr_line' id='line_1_29' title="bbox 258 2920 1910 3001; baseline 0.004 -22"><span class='ocrx_word' id='word_1_390' title='bbox 258 2922 387 2997; x_wconf 72' lang='lat' dir='ltr'>praesides</span> <span class='ocrx_word' id='word_1_391' title='bbox 399 2922 563 2995; x_wconf 82' lang='lat' dir='ltr'>aliquando,</span> <span class='ocrx_word' id='word_1_392' title='bbox 578 2922 646 2978; x_wconf 91' lang='lat' dir='ltr'>alius</span> <span class='ocrx_word' id='word_1_393' title='bbox 660 2936 726 2978; x_wconf 82' lang='lat' dir='ltr'>sero</span> <span class='ocrx_word' id='word_1_394' title='bbox 741 2935 937 2994; x_wconf 84' lang='lat' dir='ltr'>nonnunquam</span> <span class='ocrx_word' id='word_1_395' title='bbox 959 2920 988 2977; x_wconf 89' lang='lat' dir='ltr'>iu</span> <span class='ocrx_word' id='word_1_396' title='bbox 1001 2920 1057 2978; x_wconf 85' lang='lat' dir='ltr'>ime</span> <span class='ocrx_word' id='word_1_397' title='bbox 1107 2923 1302 2996; x_wconf 79' lang='lat' dir='ltr'>,tpotrqettrsn</span> <span class='ocrx_word' id='word_1_398' title='bbox 1329 2924 1417 2993; x_wconf 81' lang='lat' dir='ltr'>Quinti</span> <span class='ocrx_word' id='word_1_399' title='bbox 1441 2924 1595 2983; x_wconf 81' lang='lat' dir='ltr'>Tertulliani</span> <span class='ocrx_word' id='word_1_400' title='bbox 1619 2928 1734 2999; x_wconf 71' lang='lat' dir='ltr'>explicit.</span> <span class='ocrx_word' id='word_1_401' title='bbox 1753 2928 1783 2983; x_wconf 93' lang='lat' dir='ltr'>in</span> <span class='ocrx_word' id='word_1_402' title='bbox 1802 2931 1910 3001; x_wconf 73' lang='lat' dir='ltr'>pateris</span> 
     </span>
     <span class='ocr_line' id='line_1_30' title="bbox 256 3014 1912 3092; baseline 0.004 -20"><span class='ocrx_word' id='word_1_403' title='bbox 256 3016 435 3088; x_wconf 73' lang='lat' dir='ltr'>appellaverit</span> <span class='ocrx_word' id='word_1_404' title='bbox 446 3016 535 3082; x_wconf 92' lang='lat' dir='ltr'>libro,</span> <span class='ocrx_word' id='word_1_405' title='bbox 547 3030 630 3088; x_wconf 90' lang='lat' dir='ltr'>quem</span> <span class='ocrx_word' id='word_1_406' title='bbox 642 3014 807 3087; x_wconf 68' lang='lat' dir='ltr'>Cartbagine</span> <span class='ocrx_word' id='word_1_407' title='bbox 828 3016 976 3073; x_wconf 85' lang='lat' dir='ltr'>scribebat.</span> <span class='ocrx_word' id='word_1_408' title='bbox 989 3014 1056 3073; x_wconf 90' lang='lat' dir='ltr'>0m-</span> <span class='ocrx_word' id='word_1_409' title='bbox 1108 3031 1216 3088; x_wconf 91' lang='lat' dir='ltr'>quoque</span> <span class='ocrx_word' id='word_1_410' title='bbox 1234 3016 1294 3074; x_wconf 88' lang='lat' dir='ltr'>aliis</span> <span class='ocrx_word' id='word_1_411' title='bbox 1307 3016 1459 3087; x_wconf 88' lang='lat' dir='ltr'>codicibus,</span> <span class='ocrx_word' id='word_1_412' title='bbox 1471 3028 1525 3075; x_wconf 90' lang='lat' dir='ltr'>tam</span> <span class='ocrx_word' id='word_1_413' title='bbox 1539 3020 1744 3092; x_wconf 74' lang='lat' dir='ltr'>manuscriptis,</span> <span class='ocrx_word' id='word_1_414' title='bbox 1759 3037 1839 3091; x_wconf 69' lang='lat' dir='ltr'>«qnam</span> <span class='ocrx_word' id='word_1_415' title='bbox 1849 3022 1912 3079; x_wconf 88' lang='lat' dir='ltr'>edi·</span> 
     </span>
     <span class='ocr_line' id='line_1_31' title="bbox 256 3104 1910 3185; baseline 0.002 -17"><span class='ocrx_word' id='word_1_416' title='bbox 256 3112 302 3168; x_wconf 88' lang='lat' dir='ltr'>nia</span> <span class='ocrx_word' id='word_1_417' title='bbox 315 3125 395 3181; x_wconf 80' lang='lat' dir='ltr'>putto</span> <span class='ocrx_word' id='word_1_418' title='bbox 406 3109 487 3166; x_wconf 72' lang='lat' dir='ltr'>trium</span> <span class='ocrx_word' id='word_1_419' title='bbox 501 3110 610 3167; x_wconf 87' lang='lat' dir='ltr'>iliarum</span> <span class='ocrx_word' id='word_1_420' title='bbox 635 3110 793 3182; x_wconf 86' lang='lat' dir='ltr'>opinionum</span> <span class='ocrx_word' id='word_1_421' title='bbox 817 3120 976 3182; x_wconf 74' lang='lat' dir='ltr'>argumenta</span> <span class='ocrx_word' id='word_1_422' title='bbox 997 3111 1056 3169; x_wconf 86' lang='lat' dir='ltr'>sire</span> <span class='ocrx_word' id='word_1_423' title='bbox 1109 3104 1161 3177; x_wconf 86' lang='lat' dir='ltr'>tis,</span> <span class='ocrx_word' id='word_1_424' title='bbox 1178 3108 1222 3167; x_wconf 84' lang='lat' dir='ltr'>luit</span> <span class='ocrx_word' id='word_1_425' title='bbox 1235 3108 1304 3167; x_wconf 89' lang='lat' dir='ltr'>iiber</span> <span class='ocrx_word' id='word_1_426' title='bbox 1317 3110 1510 3183; x_wconf 83' lang='lat' dir='ltr'>dpoioqrtirnm</span> <span class='ocrx_word' id='word_1_427' title='bbox 1523 3154 1533 3180; x_wconf 94' lang='lat'>,</span> <span class='ocrx_word' id='word_1_428' title='bbox 1547 3121 1594 3167; x_wconf 87' lang='lat' dir='ltr'>aut</span> <span class='ocrx_word' id='word_1_429' title='bbox 1606 3111 1788 3185; x_wconf 81' lang='lat' dir='ltr'>Apolopeticns</span> <span class='ocrx_word' id='word_1_430' title='bbox 1813 3115 1910 3171; x_wconf 85' lang='lat' dir='ltr'>inscri-</span> 
     </span>
     <span class='ocr_line' id='line_1_32' title="bbox 255 3172 2031 3288; baseline -0.002 -27"><span class='ocrx_word' id='word_1_431' title='bbox 255 3202 291 3261; x_wconf 87' lang='lat' dir='ltr'>ab</span> <span class='ocrx_word' id='word_1_432' title='bbox 302 3203 364 3260; x_wconf 88' lang='lat' dir='ltr'>aliis</span> <span class='ocrx_word' id='word_1_433' title='bbox 379 3206 518 3275; x_wconf 87' lang='lat' dir='ltr'>proposita</span> <span class='ocrx_word' id='word_1_434' title='bbox 529 3246 537 3267; x_wconf 89' lang='lat'>,</span> <span class='ocrx_word' id='word_1_435' title='bbox 548 3204 632 3261; x_wconf 85' lang='lat' dir='ltr'>sitea</span> <span class='ocrx_word' id='word_1_436' title='bbox 645 3203 725 3288; x_wconf 84' lang='lat' dir='ltr'>rrubis</span> <span class='ocrx_word' id='word_1_437' title='bbox 737 3202 843 3275; x_wconf 79' lang='lat' dir='ltr'>adjecta</span> <span class='ocrx_word' id='word_1_438' title='bbox 855 3203 973 3263; x_wconf 84' lang='lat' dir='ltr'>candido</span> <span class='ocrx_word' id='word_1_439' title='bbox 988 3205 1056 3263; x_wconf 91' lang='lat' dir='ltr'>sim·</span> <span class='ocrx_word' id='word_1_440' title='bbox 1070 3172 1092 3237; x_wconf 74' lang='lat' dir='ltr'>C</span> <span class='ocrx_word' id='word_1_441' title='bbox 1107 3201 1191 3259; x_wconf 89' lang='lat' dir='ltr'>bitur.</span> <span class='ocrx_word' id='word_1_442' title='bbox 1216 3201 1313 3261; x_wconf 78' lang='lat' dir='ltr'>i&#39;eram</span> <span class='ocrx_word' id='word_1_443' title='bbox 1332 3196 1424 3260; x_wconf 72' lang='lat' dir='ltr'>tumne</span> <span class='ocrx_word' id='word_1_444' title='bbox 1450 3210 1511 3261; x_wconf 82' lang='lat' dir='ltr'>esse</span> <span class='ocrx_word' id='word_1_445' title='bbox 1535 3202 1604 3261; x_wconf 85' lang='lat' dir='ltr'>imno</span> <span class='ocrx_word' id='word_1_446' title='bbox 1629 3204 1833 3275; x_wconf 86' lang='lat' dir='ltr'>inscriptionem</span> <span class='ocrx_word' id='word_1_447' title='bbox 1853 3220 1909 3264; x_wconf 89' lang='lat' dir='ltr'>nnn</span> <span class='ocrx_word' id='word_1_448' title='bbox 2030 3232 2031 3257; x_wconf 83' lang='lat' dir='ltr'>t</span> 
     </span>
    </p>
   </div>
   <div class='ocr_carea' id='block_1_5' title="bbox 256 3295 2031 3562">
    <p class='ocr_par' dir='ltr' id='par_1_6' title="bbox 256 3284 2031 3562">
     <span class='ocr_line' id='line_1_33' title="bbox 256 3295 2031 3371; baseline 0.003 -19"><span class='ocrx_word' id='word_1_449' title='bbox 256 3295 374 3371; x_wconf 90' lang='lat' dir='ltr'>plieique</span> <span class='ocrx_word' id='word_1_450' title='bbox 384 3312 462 3354; x_wconf 88' lang='lat' dir='ltr'>more</span> <span class='ocrx_word' id='word_1_451' title='bbox 474 3306 568 3354; x_wconf 86' lang='lat' dir='ltr'>nostro</span> <span class='ocrx_word' id='word_1_452' title='bbox 581 3297 777 3367; x_wconf 76' lang='lat' dir='ltr'>exposuimus3</span> <span class='ocrx_word' id='word_1_453' title='bbox 798 3307 903 3368; x_wconf 77' lang='lat' dir='ltr'>utque</span> <span class='ocrx_word' id='word_1_454' title='bbox 923 3296 1055 3368; x_wconf 81' lang='lat' dir='ltr'>majoris,</span> <span class='ocrx_word' id='word_1_455' title='bbox 1106 3296 1234 3371; x_wconf 88' lang='lat' dir='ltr'>probatur</span> <span class='ocrx_word' id='word_1_456' title='bbox 1256 3296 1307 3353; x_wconf 86' lang='lat' dir='ltr'>boc</span> <span class='ocrx_word' id='word_1_457' title='bbox 1323 3306 1426 3355; x_wconf 88' lang='lat' dir='ltr'>tanturn</span> <span class='ocrx_word' id='word_1_458' title='bbox 1450 3297 1562 3355; x_wconf 89' lang='lat' dir='ltr'>iliorum</span> <span class='ocrx_word' id='word_1_459' title='bbox 1579 3298 1750 3367; x_wconf 87' lang='lat' dir='ltr'>testimonio,</span> <span class='ocrx_word' id='word_1_460' title='bbox 1767 3298 1815 3356; x_wconf 88' lang='lat' dir='ltr'>sed</span> <span class='ocrx_word' id='word_1_461' title='bbox 1838 3298 1909 3357; x_wconf 87' lang='lat' dir='ltr'>Lac·</span> <span class='ocrx_word' id='word_1_462' title='bbox 2030 3338 2031 3371; x_wconf 75' lang='lat'>,</span> 
     </span>
     <span class='ocr_line' id='line_1_34' title="bbox 256 3388 2031 3481; baseline 0.002 -34"><span class='ocrx_word' id='word_1_463' title='bbox 256 3405 290 3447; x_wconf 86' lang='lat' dir='ltr'>ae</span> <span class='ocrx_word' id='word_1_464' title='bbox 301 3389 433 3463; x_wconf 71' lang='lat' dir='ltr'>gratioris</span> <span class='ocrx_word' id='word_1_465' title='bbox 447 3390 575 3463; x_wconf 87' lang='lat' dir='ltr'>ponderis</span> <span class='ocrx_word' id='word_1_466' title='bbox 587 3390 659 3456; x_wconf 89' lang='lat' dir='ltr'>sint,</span> <span class='ocrx_word' id='word_1_467' title='bbox 686 3405 781 3447; x_wconf 89' lang='lat' dir='ltr'>ornnes</span> <span class='ocrx_word' id='word_1_468' title='bbox 794 3388 874 3448; x_wconf 86' lang='lat' dir='ltr'>laciie</span> <span class='ocrx_word' id='word_1_469' title='bbox 886 3397 1054 3463; x_wconf 74' lang='lat' dir='ltr'>agnoscant,</span> <span class='ocrx_word' id='word_1_470' title='bbox 1106 3389 1182 3446; x_wconf 88' lang='lat' dir='ltr'>tantii</span> <span class='ocrx_word' id='word_1_471' title='bbox 1197 3389 1298 3459; x_wconf 88' lang='lat' dir='ltr'>etiam,</span> <span class='ocrx_word' id='word_1_472' title='bbox 1318 3394 1401 3461; x_wconf 84' lang='lat' dir='ltr'>aquo</span> <span class='ocrx_word' id='word_1_473' title='bbox 1427 3390 1451 3446; x_wconf 89' lang='lat' dir='ltr'>is</span> <span class='ocrx_word' id='word_1_474' title='bbox 1464 3391 1534 3447; x_wconf 88' lang='lat' dir='ltr'>iiber</span> <span class='ocrx_word' id='word_1_475' title='bbox 1548 3390 1729 3464; x_wconf 80' lang='lat' dir='ltr'>dpoioqeticus</span> <span class='ocrx_word' id='word_1_476' title='bbox 1743 3392 1908 3466; x_wconf 85' lang='lat' dir='ltr'>appellatur,</span> <span class='ocrx_word' id='word_1_477' title='bbox 1998 3402 2002 3418; x_wconf 92' lang='lat'>&#39;</span> <span class='ocrx_word' id='word_1_478' title='bbox 2030 3468 2031 3481; x_wconf 11' lang='grc' dir='ltr'>χ</span> 
     </span>
     <span class='ocr_line' id='line_1_35' title="bbox 256 3482 2031 3562; baseline 0 -21"><span class='ocrx_word' id='word_1_479' title='bbox 256 3499 298 3552; x_wconf 84' lang='lat' dir='ltr'>ac,</span> <span class='ocrx_word' id='word_1_480' title='bbox 312 3500 395 3557; x_wconf 90' lang='lat' dir='ltr'>quam</span> <span class='ocrx_word' id='word_1_481' title='bbox 410 3486 547 3557; x_wconf 79' lang='lat' dir='ltr'>veriorem</span> <span class='ocrx_word' id='word_1_482' title='bbox 557 3483 749 3557; x_wconf 80' lang='lat' dir='ltr'>iudicaverint,</span> <span class='ocrx_word' id='word_1_483' title='bbox 759 3484 917 3559; x_wconf 76' lang='lat' dir='ltr'>opiuimem</span> <span class='ocrx_word' id='word_1_484' title='bbox 931 3486 1054 3562; x_wconf 82' lang='lat' dir='ltr'>ampiec-</span> <span class='ocrx_word' id='word_1_485' title='bbox 1105 3492 1134 3541; x_wconf 89' lang='lat' dir='ltr'>et</span> <span class='ocrx_word' id='word_1_486' title='bbox 1147 3482 1255 3541; x_wconf 84' lang='lat' dir='ltr'>Eusebii</span> <span class='ocrx_word' id='word_1_487' title='bbox 1270 3498 1373 3555; x_wconf 90' lang='lat' dir='ltr'>,aquo</span> <span class='ocrx_word' id='word_1_488' title='bbox 1385 3484 1481 3555; x_wconf 74' lang='lat' dir='ltr'>gracia</span> <span class='ocrx_word' id='word_1_489' title='bbox 1496 3484 1571 3541; x_wconf 87' lang='lat' dir='ltr'>bisce</span> <span class='ocrx_word' id='word_1_490' title='bbox 1592 3487 1693 3541; x_wconf 85' lang='lat' dir='ltr'>citatur</span> <span class='ocrx_word' id='word_1_491' title='bbox 1717 3486 1804 3543; x_wconf 81' lang='lat' dir='ltr'>uerbis</span> <span class='ocrx_word' id='word_1_492' title='bbox 1818 3484 1907 3560; x_wconf 79' lang='lat' dir='ltr'>(burt.</span> <span class='ocrx_word' id='word_1_493' title='bbox 2030 3486 2031 3495; x_wconf 50' lang='lat'>³</span> 
     </span>
    </p>
   </div>
   <div class='ocr_carea' id='block_1_6' title="bbox 255 3574 1911 3929">
    <p class='ocr_par' dir='ltr' id='par_1_7' title="bbox 255 3574 1911 3929">
     <span class='ocr_line' id='line_1_36' title="bbox 255 3574 1910 3651; baseline 0.005 -22"><span class='ocrx_word' id='word_1_494' title='bbox 255 3585 357 3647; x_wconf 77' lang='lat' dir='ltr'>tantm.</span> <span class='ocrx_word' id='word_1_495' title='bbox 607 3591 611 3598; x_wconf 82' lang='grc'><strong>’</strong></span> <span class='ocrx_word' id='word_1_496' title='bbox 743 3641 746 3645; x_wconf 38' lang='grc'><strong>,</strong></span> <span class='ocrx_word' id='word_1_497' title='bbox 1102 3575 1151 3632; x_wconf 79' lang='lat' dir='ltr'>tit.</span> <span class='ocrx_word' id='word_1_498' title='bbox 1163 3574 1197 3645; x_wconf 86' lang='lat' dir='ltr'>t,</span> <span class='ocrx_word' id='word_1_499' title='bbox 1209 3574 1276 3634; x_wconf 84' lang='lat' dir='ltr'>inst.</span> <span class='ocrx_word' id='word_1_500' title='bbox 1290 3592 1349 3648; x_wconf 80' lang='lat' dir='ltr'>rap.</span> <span class='ocrx_word' id='word_1_501' title='bbox 1363 3577 1391 3645; x_wconf 81' lang='lat' dir='ltr'>i,</span> <span class='ocrx_word' id='word_1_502' title='bbox 1404 3593 1464 3649; x_wconf 82' lang='lat' dir='ltr'>paq.</span> <span class='ocrx_word' id='word_1_503' title='bbox 1477 3575 1551 3645; x_wconf 73' lang='lat' dir='ltr'>titt,</span> <span class='ocrx_word' id='word_1_504' title='bbox 1564 3574 1657 3633; x_wconf 83' lang='lat' dir='ltr'>Enseb.</span> <span class='ocrx_word' id='word_1_505' title='bbox 1674 3577 1724 3633; x_wconf 85' lang='lat' dir='ltr'>iac.</span> <span class='ocrx_word' id='word_1_506' title='bbox 1740 3595 1811 3651; x_wconf 85' lang='lat' dir='ltr'>sapr.</span> <span class='ocrx_word' id='word_1_507' title='bbox 1826 3577 1886 3650; x_wconf 84' lang='lat' dir='ltr'>cit.)</span> <span class='ocrx_word' id='word_1_508' title='bbox 1902 3602 1910 3639; x_wconf 74' lang='grc' dir='ltr'>ς</span> 
     </span>
     <span class='ocr_line' id='line_1_37' title="bbox 1108 3669 1911 3745; baseline 0.001 -20"><span class='ocrx_word' id='word_1_509' title='bbox 1108 3675 1167 3741; x_wconf 74' lang='lat' dir='ltr'>&#39;arip</span> <span class='ocrx_word' id='word_1_510' title='bbox 1180 3675 1329 3742; x_wconf 76' lang='lat' dir='ltr'>xpmusas</span> <span class='ocrx_word' id='word_1_511' title='bbox 1349 3672 1476 3743; x_wconf 59' lang='lat' dir='ltr'>issimis,</span> <span class='ocrx_word' id='word_1_512' title='bbox 1496 3669 1523 3726; x_wconf 87' lang='lat' dir='ltr'>iri</span> <span class='ocrx_word' id='word_1_513' title='bbox 1546 3679 1604 3737; x_wconf 84' lang='lat' dir='ltr'>est,</span> <span class='ocrx_word' id='word_1_514' title='bbox 1620 3670 1817 3726; x_wconf 73' lang='lat' dir='ltr'>christianornm</span> <span class='ocrx_word' id='word_1_515' title='bbox 1842 3688 1911 3745; x_wconf 89' lang='lat' dir='ltr'>ape·</span> 
     </span>
     <span class='ocr_line' id='line_1_38' title="bbox 470 3760 1905 3845; baseline 0.003 -30"><span class='ocrx_word' id='word_1_516' title='bbox 470 3831 476 3843; x_wconf 36' lang='lat'><strong>·</strong></span> <span class='ocrx_word' id='word_1_517' title='bbox 604 3832 610 3844; x_wconf 40' lang='lat'><strong>·</strong></span> <span class='ocrx_word' id='word_1_518' title='bbox 766 3832 773 3845; x_wconf 29' lang='grc' dir='ltr'>ι</span> <span class='ocrx_word' id='word_1_519' title='bbox 1107 3760 1193 3833; x_wconf 84' lang='lat' dir='ltr'>lapis,</span> <span class='ocrx_word' id='word_1_520' title='bbox 1207 3770 1236 3819; x_wconf 89' lang='lat' dir='ltr'>et</span> <span class='ocrx_word' id='word_1_521' title='bbox 1248 3760 1380 3819; x_wconf 85' lang='lat' dir='ltr'>deierrsiu.</span> <span class='ocrx_word' id='word_1_522' title='bbox 1395 3762 1489 3819; x_wconf 85' lang='lat' dir='ltr'>i’lures</span> <span class='ocrx_word' id='word_1_523' title='bbox 1499 3773 1589 3819; x_wconf 89' lang='lat' dir='ltr'>autern</span> <span class='ocrx_word' id='word_1_524' title='bbox 1604 3763 1631 3819; x_wconf 92' lang='lat' dir='ltr'>in</span> <span class='ocrx_word' id='word_1_525' title='bbox 1644 3778 1702 3819; x_wconf 88' lang='lat' dir='ltr'>rem</span> <span class='ocrx_word' id='word_1_526' title='bbox 1717 3763 1787 3820; x_wconf 87' lang='lat' dir='ltr'>adeo</span> <span class='ocrx_word' id='word_1_527' title='bbox 1800 3775 1905 3821; x_wconf 80' lang='lat' dir='ltr'>certmu</span> 
     </span>
     <span class='ocr_line' id='line_1_39' title="bbox 259 3827 1909 3929; baseline 0.005 -24"><span class='ocrx_word' id='word_1_528' title='bbox 259 3827 352 3905; x_wconf 61' lang='lat' dir='ltr'>wilm</span> <span class='ocrx_word' id='word_1_529' title='bbox 368 3829 542 3887; x_wconf 49' lang='lat' dir='ltr'>stillim&amp;</span> <span class='ocrx_word' id='word_1_530' title='bbox 564 3833 624 3887; x_wconf 68' lang='lat'>&#39;¹¹⁴¹‘</span> <span class='ocrx_word' id='word_1_531' title='bbox 638 3833 804 3906; x_wconf 60' lang='lat' dir='ltr'>Ailflid‘ii‘i</span> <span class='ocrx_word' id='word_1_532' title='bbox 825 3850 918 3891; x_wconf 76' lang='lat' dir='ltr'>mmm</span> <span class='ocrx_word' id='word_1_533' title='bbox 941 3834 1056 3907; x_wconf 60' lang='lat' dir='ltr'>ilimiti·</span> <span class='ocrx_word' id='word_1_534' title='bbox 1106 3868 1140 3911; x_wconf 85' lang='lat' dir='ltr'>ac</span> <span class='ocrx_word' id='word_1_535' title='bbox 1163 3855 1302 3926; x_wconf 86' lang='lat' dir='ltr'>probatam</span> <span class='ocrx_word' id='word_1_536' title='bbox 1322 3854 1407 3913; x_wconf 76' lang='lat' dir='ltr'>citum</span> <span class='ocrx_word' id='word_1_537' title='bbox 1427 3864 1482 3913; x_wconf 85' lang='lat' dir='ltr'>tam</span> <span class='ocrx_word' id='word_1_538' title='bbox 1507 3855 1585 3911; x_wconf 89' lang='lat' dir='ltr'>uubis</span> <span class='ocrx_word' id='word_1_539' title='bbox 1599 3854 1727 3929; x_wconf 76' lang='lat' dir='ltr'>longum,</span> <span class='ocrx_word' id='word_1_540' title='bbox 1752 3870 1833 3929; x_wconf 88' lang='lat' dir='ltr'>quam</span> <span class='ocrx_word' id='word_1_541' title='bbox 1847 3856 1909 3913; x_wconf 89' lang='lat' dir='ltr'>aliis</span> 
     </span>
    </p>
   </div>
   <div class='ocr_carea' id='block_1_7' title="bbox 178 3924 1910 5881">
    <p class='ocr_par' dir='ltr' id='par_1_8' title="bbox 292 3924 1347 4007">
     <span class='ocr_line' id='line_1_40' title="bbox 292 3924 1347 4007; baseline 0.001 -25"><span class='ocrx_word' id='word_1_542' title='bbox 292 3926 353 3982; x_wconf 85' lang='lat' dir='ltr'>terit</span> <span class='ocrx_word' id='word_1_543' title='bbox 370 3942 447 3981; x_wconf 87' lang='lat' dir='ltr'>taum</span> <span class='ocrx_word' id='word_1_544' title='bbox 460 3943 469 3982; x_wconf 91' lang='lat'>.·</span> <span class='ocrx_word' id='word_1_545' title='bbox 481 3926 514 3981; x_wconf 83' lang='lat' dir='ltr'>dr</span> <span class='ocrx_word' id='word_1_546' title='bbox 526 3925 597 3982; x_wconf 85' lang='lat' dir='ltr'>illias</span> <span class='ocrx_word' id='word_1_547' title='bbox 617 3924 708 3995; x_wconf 86' lang='lat' dir='ltr'>titulo,</span> <span class='ocrx_word' id='word_1_548' title='bbox 728 3937 898 4000; x_wconf 71' lang='lat' dir='ltr'>ornamento,</span> <span class='ocrx_word' id='word_1_549' title='bbox 922 3925 951 3985; x_wconf 84' lang='lat' dir='ltr'>t&#39;s</span> <span class='ocrx_word' id='word_1_550' title='bbox 971 3928 1057 4001; x_wconf 85' lang='lat' dir='ltr'>cupita</span> <span class='ocrx_word' id='word_1_551' title='bbox 1107 3946 1253 4005; x_wconf 49' lang='lat' dir='ltr'><strong>molestum</strong></span> <span class='ocrx_word' id='word_1_552' title='bbox 1268 3948 1347 4007; x_wconf 52' lang='lat' dir='ltr'>som·</span> 
     </span>
    </p>

    <p class='ocr_par' dir='ltr' id='par_1_9' title="bbox 293 4018 1910 4122">
     <span class='ocr_line' id='line_1_41' title="bbox 293 4018 1910 4122; baseline 0.005 -31"><span class='ocrx_word' id='word_1_553' title='bbox 293 4018 431 4088; x_wconf 57' lang='grc'>4111110119,</span> <span class='ocrx_word' id='word_1_554' title='bbox 444 4020 777 4092; x_wconf 57' lang='grc'>1111111111911111111111·</span> <span class='ocrx_word' id='word_1_555' title='bbox 1144 4040 1350 4122; x_wconf 83' lang='lat' dir='ltr'>Quantumlibet</span> <span class='ocrx_word' id='word_1_556' title='bbox 1375 4050 1464 4100; x_wconf 90' lang='lat' dir='ltr'>autem</span> <span class='ocrx_word' id='word_1_557' title='bbox 1485 4042 1578 4101; x_wconf 80' lang='lat' dir='ltr'>brevis</span> <span class='ocrx_word' id='word_1_558' title='bbox 1591 4043 1628 4101; x_wconf 89' lang='lat' dir='ltr'>sit</span> <span class='ocrx_word' id='word_1_559' title='bbox 1640 4043 1685 4101; x_wconf 89' lang='lat' dir='ltr'>bic</span> <span class='ocrx_word' id='word_1_560' title='bbox 1699 4042 1804 4111; x_wconf 87' lang='lat' dir='ltr'>titulus,</span> <span class='ocrx_word' id='word_1_561' title='bbox 1821 4052 1910 4101; x_wconf 88' lang='lat' dir='ltr'>toturn</span> 
     </span>
    </p>

    <p class='ocr_par' dir='ltr' id='par_1_10' title="bbox 178 4132 1910 5881">
     <span class='ocr_line' id='line_1_42' title="bbox 293 4132 1906 4207; baseline 0.002 -18"><span class='ocrx_word' id='word_1_562' title='bbox 293 4132 435 4205; x_wconf 80' lang='lat' dir='ltr'>Disputant</span> <span class='ocrx_word' id='word_1_563' title='bbox 447 4133 545 4191; x_wconf 89' lang='lat' dir='ltr'>eruditi</span> <span class='ocrx_word' id='word_1_564' title='bbox 568 4143 671 4191; x_wconf 79' lang='lat' dir='ltr'>nestra</span> <span class='ocrx_word' id='word_1_565' title='bbox 682 4134 776 4191; x_wconf 75' lang='lat' dir='ltr'>aetatb</span> <span class='ocrx_word' id='word_1_566' title='bbox 789 4134 939 4207; x_wconf 83' lang='lat' dir='ltr'>scriptores</span> <span class='ocrx_word' id='word_1_567' title='bbox 963 4141 1054 4191; x_wconf 90' lang='lat' dir='ltr'>utrum</span> <span class='ocrx_word' id='word_1_568' title='bbox 1109 4138 1197 4189; x_wconf 69' lang='lat' dir='ltr'>nmen</span> <span class='ocrx_word' id='word_1_569' title='bbox 1209 4133 1293 4205; x_wconf 87' lang='lat' dir='ltr'>ipsius</span> <span class='ocrx_word' id='word_1_570' title='bbox 1309 4134 1370 4191; x_wconf 88' lang='lat' dir='ltr'>iibri</span> <span class='ocrx_word' id='word_1_571' title='bbox 1395 4134 1584 4207; x_wconf 86' lang='lat' dir='ltr'>complectitur</span> <span class='ocrx_word' id='word_1_572' title='bbox 1611 4144 1810 4207; x_wconf 60' lang='lat' dir='ltr'>argumentum.</span> <span class='ocrx_word' id='word_1_573' title='bbox 1827 4133 1857 4191; x_wconf 91' lang='lat' dir='ltr'>lu</span> <span class='ocrx_word' id='word_1_574' title='bbox 1870 4150 1906 4193; x_wconf 92' lang='lat' dir='ltr'>eo</span> 
     </span>
     <span class='ocr_line' id='line_1_43' title="bbox 257 4225 1904 4303; baseline 0.001 -18"><span class='ocrx_word' id='word_1_575' title='bbox 257 4225 439 4285; x_wconf 81' lang='lat' dir='ltr'>Tertullianus</span> <span class='ocrx_word' id='word_1_576' title='bbox 453 4227 516 4283; x_wconf 82' lang='lat' dir='ltr'>inuio</span> <span class='ocrx_word' id='word_1_577' title='bbox 538 4226 609 4285; x_wconf 89' lang='lat' dir='ltr'>libro</span> <span class='ocrx_word' id='word_1_578' title='bbox 619 4242 719 4284; x_wconf 90' lang='lat' dir='ltr'>nomen</span> <span class='ocrx_word' id='word_1_579' title='bbox 734 4242 813 4284; x_wconf 86' lang='lat' dir='ltr'>suurn</span> <span class='ocrx_word' id='word_1_580' title='bbox 828 4228 985 4299; x_wconf 71' lang='lat' dir='ltr'>prebuerit.</span> <span class='ocrx_word' id='word_1_581' title='bbox 999 4227 1055 4285; x_wconf 77' lang='lat' dir='ltr'>Ve-</span> <span class='ocrx_word' id='word_1_582' title='bbox 1106 4225 1240 4299; x_wconf 89' lang='lat' dir='ltr'>siquidem</span> <span class='ocrx_word' id='word_1_583' title='bbox 1254 4227 1435 4285; x_wconf 83' lang='lat' dir='ltr'>Tertullianus</span> <span class='ocrx_word' id='word_1_584' title='bbox 1449 4228 1635 4287; x_wconf 89' lang='lat' dir='ltr'>delensionem</span> <span class='ocrx_word' id='word_1_585' title='bbox 1647 4230 1767 4303; x_wconf 85' lang='lat' dir='ltr'>suscepit</span> <span class='ocrx_word' id='word_1_586' title='bbox 1775 4230 1904 4286; x_wconf 82' lang='lat' dir='ltr'>christia·</span> 
     </span>
     <span class='ocr_line' id='line_1_44' title="bbox 258 4306 1910 4391; baseline 0.001 -15"><span class='ocrx_word' id='word_1_587' title='bbox 258 4318 398 4376; x_wconf 79' lang='lat' dir='ltr'>risimiiius</span> <span class='ocrx_word' id='word_1_588' title='bbox 421 4306 494 4375; x_wconf 78' lang='lat' dir='ltr'>enim</span> <span class='ocrx_word' id='word_1_589' title='bbox 506 4319 667 4391; x_wconf 89' lang='lat' dir='ltr'>quibusdam</span> <span class='ocrx_word' id='word_1_590' title='bbox 679 4320 787 4377; x_wconf 85' lang='lat' dir='ltr'>ridetur</span> <span class='ocrx_word' id='word_1_591' title='bbox 797 4320 863 4377; x_wconf 93' lang='lat' dir='ltr'>iliud</span> <span class='ocrx_word' id='word_1_592' title='bbox 877 4320 913 4377; x_wconf 81' lang='lat' dir='ltr'>ab</span> <span class='ocrx_word' id='word_1_593' title='bbox 933 4336 967 4377; x_wconf 89' lang='lat' dir='ltr'>eo</span> <span class='ocrx_word' id='word_1_594' title='bbox 980 4336 1057 4377; x_wconf 85' lang='lat' dir='ltr'>eom·</span> <span class='ocrx_word' id='word_1_595' title='bbox 1106 4334 1218 4387; x_wconf 85' lang='lat' dir='ltr'>norum,</span> <span class='ocrx_word' id='word_1_596' title='bbox 1242 4318 1374 4391; x_wconf 88' lang='lat' dir='ltr'>planeque</span> <span class='ocrx_word' id='word_1_597' title='bbox 1387 4318 1554 4379; x_wconf 85' lang='lat' dir='ltr'>demonstrat</span> <span class='ocrx_word' id='word_1_598' title='bbox 1579 4320 1639 4377; x_wconf 91' lang='lat' dir='ltr'>ilios</span> <span class='ocrx_word' id='word_1_599' title='bbox 1650 4330 1744 4377; x_wconf 84' lang='lat' dir='ltr'>cotrtra</span> <span class='ocrx_word' id='word_1_600' title='bbox 1760 4322 1849 4377; x_wconf 82' lang='lat' dir='ltr'>orneris</span> <span class='ocrx_word' id='word_1_601' title='bbox 1864 4336 1910 4379; x_wconf 85' lang='lat' dir='ltr'>cu·</span> 
     </span>
     <span class='ocr_line' id='line_1_45' title="bbox 258 4406 1907 4486; baseline 0.002 -20"><span class='ocrx_word' id='word_1_602' title='bbox 258 4410 627 4483; x_wconf 79' lang='lat' dir='ltr'>pressu1113quandoquidem</span> <span class='ocrx_word' id='word_1_603' title='bbox 640 4412 675 4469; x_wconf 90' lang='lat' dir='ltr'>ab</span> <span class='ocrx_word' id='word_1_604' title='bbox 688 4412 748 4483; x_wconf 75' lang='lat' dir='ltr'>eius</span> <span class='ocrx_word' id='word_1_605' title='bbox 761 4411 874 4470; x_wconf 82' lang='lat' dir='ltr'>exordia</span> <span class='ocrx_word' id='word_1_606' title='bbox 897 4412 987 4485; x_wconf 88' lang='lat' dir='ltr'>palam</span> <span class='ocrx_word' id='word_1_607' title='bbox 1008 4431 1057 4471; x_wconf 83' lang='lat' dir='ltr'>ex·</span> <span class='ocrx_word' id='word_1_608' title='bbox 1103 4410 1215 4483; x_wconf 81' lang='lat' dir='ltr'>juslibet</span> <span class='ocrx_word' id='word_1_609' title='bbox 1228 4412 1356 4469; x_wconf 90' lang='lat' dir='ltr'>naturalis</span> <span class='ocrx_word' id='word_1_610' title='bbox 1368 4411 1467 4469; x_wconf 79' lang='lat' dir='ltr'>divina</span> <span class='ocrx_word' id='word_1_611' title='bbox 1478 4422 1505 4469; x_wconf 92' lang='lat' dir='ltr'>et</span> <span class='ocrx_word' id='word_1_612' title='bbox 1521 4412 1647 4471; x_wconf 80' lang='lat' dir='ltr'>humanae</span> <span class='ocrx_word' id='word_1_613' title='bbox 1664 4406 1730 4486; x_wconf 73' lang='lat' dir='ltr'>legis</span> <span class='ocrx_word' id='word_1_614' title='bbox 1749 4414 1907 4486; x_wconf 70' lang='lat' dir='ltr'>prescripta</span> 
     </span>
     <span class='ocr_line' id='line_1_46' title="bbox 178 4500 1908 4581; baseline 0.005 -24"><span class='ocrx_word' id='word_1_615' title='bbox 178 4500 215 4570; x_wconf 63' lang='grc'>,”</span> <span class='ocrx_word' id='word_1_616' title='bbox 257 4505 377 4578; x_wconf 85' lang='lat' dir='ltr'>postulat</span> <span class='ocrx_word' id='word_1_617' title='bbox 390 4504 442 4563; x_wconf 91' lang='lat' dir='ltr'>sibi</span> <span class='ocrx_word' id='word_1_618' title='bbox 464 4505 577 4577; x_wconf 87' lang='lat' dir='ltr'>aliisque</span> <span class='ocrx_word' id='word_1_619' title='bbox 590 4506 745 4564; x_wconf 83' lang='lat' dir='ltr'>christianis</span> <span class='ocrx_word' id='word_1_620' title='bbox 770 4507 883 4579; x_wconf 75' lang='lat' dir='ltr'>publica</span> <span class='ocrx_word' id='word_1_621' title='bbox 903 4506 1055 4566; x_wconf 88' lang='lat' dir='ltr'>delensinni</span> <span class='ocrx_word' id='word_1_622' title='bbox 1108 4514 1217 4577; x_wconf 90' lang='lat' dir='ltr'>prepter</span> <span class='ocrx_word' id='word_1_623' title='bbox 1237 4506 1326 4564; x_wconf 90' lang='lat' dir='ltr'>sulum</span> <span class='ocrx_word' id='word_1_624' title='bbox 1350 4522 1450 4565; x_wconf 86' lang='lat' dir='ltr'>norrun</span> <span class='ocrx_word' id='word_1_625' title='bbox 1477 4524 1574 4581; x_wconf 89' lang='lat' dir='ltr'>suum,</span> <span class='ocrx_word' id='word_1_626' title='bbox 1600 4524 1651 4565; x_wconf 90' lang='lat' dir='ltr'>uec</span> <span class='ocrx_word' id='word_1_627' title='bbox 1668 4523 1763 4565; x_wconf 82' lang='lat' dir='ltr'>caussa</span> <span class='ocrx_word' id='word_1_628' title='bbox 1788 4524 1908 4581; x_wconf 85' lang='lat' dir='ltr'>unquam</span> 
     </span>
     <span class='ocr_line' id='line_1_47' title="bbox 256 4596 1909 4674; baseline 0.002 -21"><span class='ocrx_word' id='word_1_629' title='bbox 256 4602 328 4654; x_wconf 82' lang='lat' dir='ltr'>niam</span> <span class='ocrx_word' id='word_1_630' title='bbox 343 4596 482 4670; x_wconf 75' lang='lat' dir='ltr'>medodi.</span> <span class='ocrx_word' id='word_1_631' title='bbox 496 4598 619 4656; x_wconf 88' lang='lat' dir='ltr'>Totidem</span> <span class='ocrx_word' id='word_1_632' title='bbox 631 4601 730 4673; x_wconf 90' lang='lat' dir='ltr'>quippe</span> <span class='ocrx_word' id='word_1_633' title='bbox 746 4598 805 4657; x_wconf 68' lang='lat' dir='ltr'>base</span> <span class='ocrx_word' id='word_1_634' title='bbox 818 4610 882 4658; x_wconf 90' lang='lat' dir='ltr'>suut</span> <span class='ocrx_word' id='word_1_635' title='bbox 903 4599 977 4659; x_wconf 90' lang='lat' dir='ltr'>illius</span> <span class='ocrx_word' id='word_1_636' title='bbox 991 4617 1054 4658; x_wconf 83' lang='lat' dir='ltr'>rer·</span> <span class='ocrx_word' id='word_1_637' title='bbox 1108 4598 1198 4655; x_wconf 72' lang='lat' dir='ltr'>studita</span> <span class='ocrx_word' id='word_1_638' title='bbox 1212 4598 1247 4655; x_wconf 85' lang='lat' dir='ltr'>ab</span> <span class='ocrx_word' id='word_1_639' title='bbox 1265 4598 1380 4657; x_wconf 86' lang='lat' dir='ltr'>etlmieis</span> <span class='ocrx_word' id='word_1_640' title='bbox 1405 4598 1597 4668; x_wconf 87' lang='lat' dir='ltr'>condemnari,</span> <span class='ocrx_word' id='word_1_641' title='bbox 1612 4610 1640 4658; x_wconf 91' lang='lat' dir='ltr'>et</span> <span class='ocrx_word' id='word_1_642' title='bbox 1652 4601 1755 4669; x_wconf 86' lang='lat' dir='ltr'>occidi,</span> <span class='ocrx_word' id='word_1_643' title='bbox 1778 4601 1823 4674; x_wconf 92' lang='lat' dir='ltr'>qui</span> <span class='ocrx_word' id='word_1_644' title='bbox 1846 4616 1909 4658; x_wconf 86' lang='lat' dir='ltr'>orn·</span> 
     </span>
     <span class='ocr_line' id='line_1_48' title="bbox 256 4689 1908 4764; baseline 0.001 -17"><span class='ocrx_word' id='word_1_645' title='bbox 256 4690 293 4752; x_wconf 84' lang='lat' dir='ltr'>ba</span> <span class='ocrx_word' id='word_1_646' title='bbox 307 4708 315 4747; x_wconf 79' lang='grc' dir='ltr'>ι</span> <span class='ocrx_word' id='word_1_647' title='bbox 328 4689 361 4747; x_wconf 86' lang='lat' dir='ltr'>Si</span> <span class='ocrx_word' id='word_1_648' title='bbox 382 4690 509 4760; x_wconf 60' lang='lat' dir='ltr'>mamae,</span> <span class='ocrx_word' id='word_1_649' title='bbox 524 4690 593 4763; x_wconf 85' lang='lat' dir='ltr'>qnod</span> <span class='ocrx_word' id='word_1_650' title='bbox 607 4691 841 4761; x_wconf 77' lang='lat' dir='ltr'>prosimouceidit,</span> <span class='ocrx_word' id='word_1_651' title='bbox 857 4691 1003 4749; x_wconf 79' lang='lat' dir='ltr'>domesticis</span> <span class='ocrx_word' id='word_1_652' title='bbox 1015 4692 1057 4747; x_wconf 84' lang='lat' dir='ltr'>in·</span> <span class='ocrx_word' id='word_1_653' title='bbox 1108 4690 1182 4745; x_wconf 92' lang='lat' dir='ltr'>nium</span> <span class='ocrx_word' id='word_1_654' title='bbox 1198 4690 1237 4747; x_wconf 87' lang='lat' dir='ltr'>rei</span> <span class='ocrx_word' id='word_1_655' title='bbox 1250 4700 1328 4747; x_wconf 88' lang='lat' dir='ltr'>erant</span> <span class='ocrx_word' id='word_1_656' title='bbox 1340 4692 1493 4761; x_wconf 88' lang='lat' dir='ltr'>scelerum,</span> <span class='ocrx_word' id='word_1_657' title='bbox 1508 4707 1624 4764; x_wconf 87' lang='lat' dir='ltr'>quorum</span> <span class='ocrx_word' id='word_1_658' title='bbox 1646 4692 1757 4750; x_wconf 87' lang='lat' dir='ltr'>eusdem</span> <span class='ocrx_word' id='word_1_659' title='bbox 1781 4691 1908 4751; x_wconf 84' lang='lat' dir='ltr'>christia-</span> 
     </span>
     <span class='ocr_line' id='line_1_49' title="bbox 256 4782 1908 4859; baseline 0.002 -22"><span class='ocrx_word' id='word_1_660' title='bbox 256 4782 331 4839; x_wconf 86' lang='lat' dir='ltr'>diciis</span> <span class='ocrx_word' id='word_1_661' title='bbox 349 4782 536 4856; x_wconf 85' lang='lat' dir='ltr'>(manuscripti</span> <span class='ocrx_word' id='word_1_662' title='bbox 551 4782 655 4852; x_wconf 88' lang='lat' dir='ltr'>ndstri,</span> <span class='ocrx_word' id='word_1_663' title='bbox 677 4793 706 4840; x_wconf 89' lang='lat' dir='ltr'>et</span> <span class='ocrx_word' id='word_1_664' title='bbox 725 4784 846 4841; x_wconf 89' lang='lat' dir='ltr'>melioris</span> <span class='ocrx_word' id='word_1_665' title='bbox 860 4793 931 4841; x_wconf 70' lang='lat' dir='ltr'>notre</span> <span class='ocrx_word' id='word_1_666' title='bbox 947 4785 1055 4842; x_wconf 81' lang='lat' dir='ltr'>codices</span> <span class='ocrx_word' id='word_1_667' title='bbox 1109 4798 1158 4841; x_wconf 88' lang='lat' dir='ltr'>nes</span> <span class='ocrx_word' id='word_1_668' title='bbox 1170 4782 1238 4839; x_wconf 88' lang='lat' dir='ltr'>laiso</span> <span class='ocrx_word' id='word_1_669' title='bbox 1263 4784 1355 4841; x_wconf 82' lang='lat' dir='ltr'>salsius</span> <span class='ocrx_word' id='word_1_670' title='bbox 1369 4786 1541 4842; x_wconf 85' lang='lat' dir='ltr'>accusabant.</span> <span class='ocrx_word' id='word_1_671' title='bbox 1565 4785 1605 4841; x_wconf 84' lang='lat' dir='ltr'>Er</span> <span class='ocrx_word' id='word_1_672' title='bbox 1630 4784 1671 4842; x_wconf 86' lang='lat' dir='ltr'>bis</span> <span class='ocrx_word' id='word_1_673' title='bbox 1683 4786 1791 4857; x_wconf 83' lang='lat' dir='ltr'>itaque,</span> <span class='ocrx_word' id='word_1_674' title='bbox 1805 4801 1867 4859; x_wconf 80' lang='lat' dir='ltr'>qure</span> <span class='ocrx_word' id='word_1_675' title='bbox 1881 4786 1908 4841; x_wconf 91' lang='lat' dir='ltr'>in</span> 
     </span>
     <span class='ocr_line' id='line_1_50' title="bbox 256 4875 1908 4953; baseline 0.002 -22"><span class='ocrx_word' id='word_1_676' title='bbox 256 4875 323 4931; x_wconf 88' lang='lat' dir='ltr'>editi</span> <span class='ocrx_word' id='word_1_677' title='bbox 345 4876 454 4949; x_wconf 76' lang='lat' dir='ltr'>judiciis</span> <span class='ocrx_word' id='word_1_678' title='bbox 466 4877 476 4945; x_wconf 81' lang='grc'><strong>1</strong></span> <span class='ocrx_word' id='word_1_679' title='bbox 490 4876 566 4933; x_wconf 83' lang='lat' dir='ltr'>nimir</span> <span class='ocrx_word' id='word_1_680' title='bbox 579 4886 684 4949; x_wconf 83' lang='lat' dir='ltr'>operata</span> <span class='ocrx_word' id='word_1_681' title='bbox 693 4876 822 4949; x_wconf 74' lang='lat' dir='ltr'>infestatio</span> <span class='ocrx_word' id='word_1_682' title='bbox 835 4887 910 4933; x_wconf 74' lang='lat' dir='ltr'>tnta</span> <span class='ocrx_word' id='word_1_683' title='bbox 922 4878 1001 4949; x_wconf 74' lang='lat' dir='ltr'>buiris</span> <span class='ocrx_word' id='word_1_684' title='bbox 1011 4878 1055 4933; x_wconf 89' lang='lat' dir='ltr'>ob·</span> <span class='ocrx_word' id='word_1_685' title='bbox 1107 4878 1243 4949; x_wconf 79' lang='lat' dir='ltr'>proposita</span> <span class='ocrx_word' id='word_1_686' title='bbox 1258 4894 1273 4934; x_wconf 89' lang='lat' dir='ltr'>a</span> <span class='ocrx_word' id='word_1_687' title='bbox 1287 4878 1364 4935; x_wconf 90' lang='lat' dir='ltr'>nobis</span> <span class='ocrx_word' id='word_1_688' title='bbox 1384 4876 1464 4950; x_wconf 85' lang='lat' dir='ltr'>irrtjus</span> <span class='ocrx_word' id='word_1_689' title='bbox 1478 4878 1540 4936; x_wconf 91' lang='lat' dir='ltr'>libri</span> <span class='ocrx_word' id='word_1_690' title='bbox 1553 4879 1656 4953; x_wconf 85' lang='lat' dir='ltr'>analysi</span> <span class='ocrx_word' id='word_1_691' title='bbox 1672 4878 1759 4936; x_wconf 89' lang='lat' dir='ltr'>insius</span> <span class='ocrx_word' id='word_1_692' title='bbox 1771 4878 1908 4951; x_wconf 73' lang='lat' dir='ltr'>explicata</span> 
     </span>
     <span class='ocr_line' id='line_1_51' title="bbox 255 4968 1908 5045; baseline 0.001 -20"><span class='ocrx_word' id='word_1_693' title='bbox 255 4970 349 5026; x_wconf 72' lang='lat' dir='ltr'>munit</span> <span class='ocrx_word' id='word_1_694' title='bbox 380 4970 523 5043; x_wconf 68' lang='lat' dir='ltr'>defensori</span> <span class='ocrx_word' id='word_1_695' title='bbox 537 4968 748 5044; x_wconf 84' lang='lat' dir='ltr'>(irrqrribusdom</span> <span class='ocrx_word' id='word_1_696' title='bbox 761 4970 984 5043; x_wconf 67' lang='lat' dir='ltr'>editisjadditum</span> <span class='ocrx_word' id='word_1_697' title='bbox 1006 4972 1054 5027; x_wconf 85' lang='lat' dir='ltr'>od·</span> <span class='ocrx_word' id='word_1_698' title='bbox 1107 4980 1184 5037; x_wconf 87' lang='lat' dir='ltr'>sunt,</span> <span class='ocrx_word' id='word_1_699' title='bbox 1200 4971 1371 5043; x_wconf 84' lang='lat' dir='ltr'>apertissime</span> <span class='ocrx_word' id='word_1_700' title='bbox 1384 4970 1527 5029; x_wconf 87' lang='lat' dir='ltr'>coniicitur·</span> <span class='ocrx_word' id='word_1_701' title='bbox 1540 4981 1625 5029; x_wconf 90' lang='lat' dir='ltr'>tutum</span> <span class='ocrx_word' id='word_1_702' title='bbox 1636 4971 1707 5029; x_wconf 89' lang='lat' dir='ltr'>iliius</span> <span class='ocrx_word' id='word_1_703' title='bbox 1717 4980 1908 5045; x_wconf 77' lang='lat' dir='ltr'>argumentum</span> 
     </span>
     <span class='ocr_line' id='line_1_52' title="bbox 256 5059 1380 5135; baseline 0.001 -18"><span class='ocrx_word' id='word_1_704' title='bbox 256 5061 333 5117; x_wconf 83' lang='lat' dir='ltr'>struit</span> <span class='ocrx_word' id='word_1_705' title='bbox 349 5059 439 5135; x_wconf 86' lang='lat' dir='ltr'>niam),</span> <span class='ocrx_word' id='word_1_706' title='bbox 454 5062 529 5117; x_wconf 81' lang='lat' dir='ltr'>liccat</span> <span class='ocrx_word' id='word_1_707' title='bbox 547 5061 664 5132; x_wconf 80' lang='lat' dir='ltr'>ueritati,</span> <span class='ocrx_word' id='word_1_708' title='bbox 680 5061 719 5118; x_wconf 87' lang='lat' dir='ltr'>oei</span> <span class='ocrx_word' id='word_1_709' title='bbox 732 5064 833 5118; x_wconf 77' lang='lat' dir='ltr'>monita</span> <span class='ocrx_word' id='word_1_710' title='bbox 857 5064 899 5117; x_wconf 84' lang='lat' dir='ltr'>aia</span> <span class='ocrx_word' id='word_1_711' title='bbox 920 5064 1055 5119; x_wconf 79' lang='lat' dir='ltr'>tacituram</span> <span class='ocrx_word' id='word_1_712' title='bbox 1106 5076 1140 5119; x_wconf 84' lang='lat' dir='ltr'>eo</span> <span class='ocrx_word' id='word_1_713' title='bbox 1156 5063 1232 5119; x_wconf 89' lang='lat' dir='ltr'>titulo</span> <span class='ocrx_word' id='word_1_714' title='bbox 1246 5062 1380 5119; x_wconf 83' lang='lat' dir='ltr'>exbiberi.</span> 
     </span>
     <span class='ocr_line' id='line_1_53' title="bbox 256 5152 1904 5229; baseline 0.003 -21"><span class='ocrx_word' id='word_1_715' title='bbox 256 5152 399 5209; x_wconf 81' lang='lat' dir='ltr'>litterarum</span> <span class='ocrx_word' id='word_1_716' title='bbox 411 5153 446 5208; x_wconf 85' lang='lat' dir='ltr'>ad</span> <span class='ocrx_word' id='word_1_717' title='bbox 458 5170 533 5209; x_wconf 70' lang='lat' dir='ltr'>asra</span> <span class='ocrx_word' id='word_1_718' title='bbox 548 5161 643 5209; x_wconf 77' lang='lat' dir='ltr'>oestrus</span> <span class='ocrx_word' id='word_1_719' title='bbox 657 5154 787 5225; x_wconf 77' lang='lat' dir='ltr'>peruenire</span> <span class='ocrx_word' id='word_1_720' title='bbox 800 5152 922 5229; x_wconf 71' lang='lat' dir='ltr'>(incuti.</span> <span class='ocrx_word' id='word_1_721' title='bbox 939 5154 1053 5229; x_wconf 78' lang='lat' dir='ltr'>Apoioq.</span> <span class='ocrx_word' id='word_1_722' title='bbox 1142 5154 1271 5224; x_wconf 83' lang='lat' dir='ltr'>Quatrltis</span> <span class='ocrx_word' id='word_1_723' title='bbox 1281 5165 1370 5212; x_wconf 82' lang='lat' dir='ltr'>nutem</span> <span class='ocrx_word' id='word_1_724' title='bbox 1387 5156 1434 5213; x_wconf 88' lang='lat' dir='ltr'>bie</span> <span class='ocrx_word' id='word_1_725' title='bbox 1454 5154 1512 5227; x_wconf 79' lang='lat' dir='ltr'>ipse</span> <span class='ocrx_word' id='word_1_726' title='bbox 1526 5156 1595 5215; x_wconf 86' lang='lat' dir='ltr'>liber</span> <span class='ocrx_word' id='word_1_727' title='bbox 1607 5156 1633 5213; x_wconf 90' lang='lat' dir='ltr'>in</span> <span class='ocrx_word' id='word_1_728' title='bbox 1653 5156 1779 5213; x_wconf 87' lang='lat' dir='ltr'>omnibus</span> <span class='ocrx_word' id='word_1_729' title='bbox 1803 5155 1904 5225; x_wconf 75' lang='lat' dir='ltr'>editiS,</span> 
     </span>
     <span class='ocr_line' id='line_1_54' title="bbox 256 5246 1906 5321; baseline 0.004 -21"><span class='ocrx_word' id='word_1_730' title='bbox 256 5262 315 5317; x_wconf 81' lang='lat' dir='ltr'>cup.</span> <span class='ocrx_word' id='word_1_731' title='bbox 324 5262 344 5302; x_wconf 86' lang='grc' dir='ltr'>ι.</span> <span class='ocrx_word' id='word_1_732' title='bbox 353 5246 534 5320; x_wconf 62' lang='lat' dir='ltr'>perpessis</span> <span class='ocrx_word' id='word_1_733' title='bbox 541 5246 768 5319; x_wconf 75' lang='lat' dir='ltr'>erqoeinristianis</span> <span class='ocrx_word' id='word_1_734' title='bbox 780 5262 834 5303; x_wconf 90' lang='lat' dir='ltr'>uon</span> <span class='ocrx_word' id='word_1_735' title='bbox 845 5247 921 5304; x_wconf 85' lang='lat' dir='ltr'>licuit</span> <span class='ocrx_word' id='word_1_736' title='bbox 928 5263 1055 5306; x_wconf 88' lang='lat' dir='ltr'>caussam</span> <span class='ocrx_word' id='word_1_737' title='bbox 1106 5262 1139 5304; x_wconf 85' lang='lat' dir='ltr'>ac</span> <span class='ocrx_word' id='word_1_738' title='bbox 1151 5250 1342 5321; x_wconf 77' lang='lat' dir='ltr'>manuscriptis</span> <span class='ocrx_word' id='word_1_739' title='bbox 1363 5251 1444 5306; x_wconf 87' lang='lat' dir='ltr'>etiam</span> <span class='ocrx_word' id='word_1_740' title='bbox 1459 5251 1650 5309; x_wconf 76' lang='lat' dir='ltr'>vetustissimis</span> <span class='ocrx_word' id='word_1_741' title='bbox 1662 5251 1815 5318; x_wconf 81' lang='lat' dir='ltr'>radicibus,</span> <span class='ocrx_word' id='word_1_742' title='bbox 1832 5250 1906 5307; x_wconf 83' lang='lat' dir='ltr'>naria</span> 
     </span>
     <span class='ocr_line' id='line_1_55' title="bbox 256 5337 1907 5413; baseline 0.002 -20"><span class='ocrx_word' id='word_1_743' title='bbox 256 5350 332 5393; x_wconf 88' lang='lat' dir='ltr'>suam</span> <span class='ocrx_word' id='word_1_744' title='bbox 347 5338 453 5409; x_wconf 88' lang='lat' dir='ltr'>publice</span> <span class='ocrx_word' id='word_1_745' title='bbox 472 5353 505 5395; x_wconf 91' lang='lat' dir='ltr'>ac</span> <span class='ocrx_word' id='word_1_746' title='bbox 517 5352 609 5396; x_wconf 79' lang='lat' dir='ltr'>corant</span> <span class='ocrx_word' id='word_1_747' title='bbox 628 5338 763 5410; x_wconf 80' lang='lat' dir='ltr'>judicibus</span> <span class='ocrx_word' id='word_1_748' title='bbox 777 5337 939 5409; x_wconf 88' lang='lat' dir='ltr'>delcndere,</span> <span class='ocrx_word' id='word_1_749' title='bbox 954 5352 1055 5413; x_wconf 86' lang='lat' dir='ltr'>quanto</span> <span class='ocrx_word' id='word_1_750' title='bbox 1107 5340 1133 5395; x_wconf 92' lang='lat' dir='ltr'>iu</span> <span class='ocrx_word' id='word_1_751' title='bbox 1150 5342 1236 5412; x_wconf 83' lang='lat' dir='ltr'>capita</span> <span class='ocrx_word' id='word_1_752' title='bbox 1247 5342 1283 5397; x_wconf 87' lang='lat' dir='ltr'>sit</span> <span class='ocrx_word' id='word_1_753' title='bbox 1296 5342 1416 5409; x_wconf 87' lang='lat' dir='ltr'>diuisus,</span> <span class='ocrx_word' id='word_1_754' title='bbox 1432 5358 1464 5399; x_wconf 89' lang='lat' dir='ltr'>ca</span> <span class='ocrx_word' id='word_1_755' title='bbox 1479 5350 1569 5399; x_wconf 89' lang='lat' dir='ltr'>tamen</span> <span class='ocrx_word' id='word_1_756' title='bbox 1583 5342 1682 5399; x_wconf 80' lang='lat' dir='ltr'>divisio</span> <span class='ocrx_word' id='word_1_757' title='bbox 1708 5359 1723 5399; x_wconf 90' lang='lat' dir='ltr'>a</span> <span class='ocrx_word' id='word_1_758' title='bbox 1738 5342 1907 5399; x_wconf 83' lang='lat' dir='ltr'>Tertulliano</span> 
     </span>
     <span class='ocr_line' id='line_1_56' title="bbox 255 5421 1906 5519; baseline 0 -29"><span class='ocrx_word' id='word_1_759' title='bbox 255 5433 346 5490; x_wconf 86' lang='lat' dir='ltr'>minus</span> <span class='ocrx_word' id='word_1_760' title='bbox 356 5433 542 5504; x_wconf 88' lang='lat' dir='ltr'>Tertulliano,</span> <span class='ocrx_word' id='word_1_761' title='bbox 553 5421 715 5492; x_wconf 76' lang='lat' dir='ltr'>nucerinen</span> <span class='ocrx_word' id='word_1_762' title='bbox 726 5434 867 5508; x_wconf 74' lang='lat' dir='ltr'>gentilium</span> <span class='ocrx_word' id='word_1_763' title='bbox 881 5450 988 5496; x_wconf 83' lang='lat' dir='ltr'>errores</span> <span class='ocrx_word' id='word_1_764' title='bbox 1001 5437 1054 5493; x_wconf 91' lang='lat' dir='ltr'>im·</span> <span class='ocrx_word' id='word_1_765' title='bbox 1107 5435 1228 5507; x_wconf 78' lang='lat' dir='ltr'>prolecta</span> <span class='ocrx_word' id='word_1_766' title='bbox 1248 5452 1301 5491; x_wconf 86' lang='grc' dir='ltr'>ιιοιι</span> <span class='ocrx_word' id='word_1_767' title='bbox 1327 5444 1378 5492; x_wconf 88' lang='lat' dir='ltr'>est.</span> <span class='ocrx_word' id='word_1_768' title='bbox 1394 5435 1494 5507; x_wconf 87' lang='lat' dir='ltr'>Ecquis</span> <span class='ocrx_word' id='word_1_769' title='bbox 1516 5437 1589 5495; x_wconf 80' lang='lat' dir='ltr'>cutim</span> <span class='ocrx_word' id='word_1_770' title='bbox 1601 5435 1798 5519; x_wconf 75' lang='lat' dir='ltr'>quantumlibet</span> <span class='ocrx_word' id='word_1_771' title='bbox 1810 5449 1906 5509; x_wconf 85' lang='lat' dir='ltr'>parurn</span> 
     </span>
     <span class='ocr_line' id='line_1_57' title="bbox 257 5526 1905 5601; baseline 0.002 -23"><span class='ocrx_word' id='word_1_772' title='bbox 257 5528 401 5599; x_wconf 79' lang='lat' dir='ltr'>prrqrranti;</span> <span class='ocrx_word' id='word_1_773' title='bbox 422 5543 458 5585; x_wconf 90' lang='lat' dir='ltr'>ne</span> <span class='ocrx_word' id='word_1_774' title='bbox 474 5528 581 5600; x_wconf 88' lang='lat' dir='ltr'>prolato</span> <span class='ocrx_word' id='word_1_775' title='bbox 604 5541 655 5585; x_wconf 88' lang='lat' dir='ltr'>suo</span> <span class='ocrx_word' id='word_1_776' title='bbox 677 5528 807 5596; x_wconf 89' lang='lat' dir='ltr'>nomine,</span> <span class='ocrx_word' id='word_1_777' title='bbox 823 5538 905 5601; x_wconf 86' lang='lat' dir='ltr'>caput</span> <span class='ocrx_word' id='word_1_778' title='bbox 925 5539 1001 5585; x_wconf 83' lang='lat' dir='ltr'>cortu</span> <span class='ocrx_word' id='word_1_779' title='bbox 1027 5540 1053 5585; x_wconf 86' lang='lat' dir='ltr'>et</span> <span class='ocrx_word' id='word_1_780' title='bbox 1106 5527 1244 5597; x_wconf 83' lang='lat' dir='ltr'>eruditus,</span> <span class='ocrx_word' id='word_1_781' title='bbox 1257 5528 1299 5585; x_wconf 87' lang='lat' dir='ltr'>rei</span> <span class='ocrx_word' id='word_1_782' title='bbox 1317 5526 1404 5599; x_wconf 86' lang='lat' dir='ltr'>primo</span> <span class='ocrx_word' id='word_1_783' title='bbox 1426 5528 1523 5586; x_wconf 90' lang='lat' dir='ltr'>intuitu</span> <span class='ocrx_word' id='word_1_784' title='bbox 1546 5543 1599 5585; x_wconf 90' lang='grc' dir='ltr'>ιιοιι</span> <span class='ocrx_word' id='word_1_785' title='bbox 1621 5526 1802 5601; x_wconf 81' lang='lat' dir='ltr'>deprehendit</span> <span class='ocrx_word' id='word_1_786' title='bbox 1822 5540 1905 5599; x_wconf 88' lang='lat' dir='ltr'>quam</span> 
     </span>
     <span class='ocr_line' id='line_1_58' title="bbox 256 5617 1907 5693; baseline 0.001 -19"><span class='ocrx_word' id='word_1_787' title='bbox 256 5617 404 5676; x_wconf 76' lang='lat' dir='ltr'>inevitabili</span> <span class='ocrx_word' id='word_1_788' title='bbox 418 5620 541 5691; x_wconf 87' lang='lat' dir='ltr'>pericula</span> <span class='ocrx_word' id='word_1_789' title='bbox 554 5630 656 5677; x_wconf 86' lang='lat' dir='ltr'>temere</span> <span class='ocrx_word' id='word_1_790' title='bbox 679 5618 812 5677; x_wconf 83' lang='lat' dir='ltr'>elierreti</span> <span class='ocrx_word' id='word_1_791' title='bbox 826 5620 896 5677; x_wconf 88' lang='lat' dir='ltr'>Tum</span> <span class='ocrx_word' id='word_1_792' title='bbox 908 5620 983 5677; x_wconf 86' lang='lat' dir='ltr'>enim</span> <span class='ocrx_word' id='word_1_793' title='bbox 1008 5620 1056 5680; x_wconf 88' lang='lat' dir='ltr'>iiie</span> <span class='ocrx_word' id='word_1_794' title='bbox 1106 5634 1202 5693; x_wconf 86' lang='lat' dir='ltr'>parunt</span> <span class='ocrx_word' id='word_1_795' title='bbox 1215 5630 1340 5676; x_wconf 87' lang='lat' dir='ltr'>accurata</span> <span class='ocrx_word' id='word_1_796' title='bbox 1352 5660 1360 5688; x_wconf 99' lang='lat'>,</span> <span class='ocrx_word' id='word_1_797' title='bbox 1372 5635 1506 5693; x_wconf 86' lang='lat' dir='ltr'>quamque</span> <span class='ocrx_word' id='word_1_798' title='bbox 1529 5619 1686 5693; x_wconf 79' lang='lat' dir='ltr'>imperfecta</span> <span class='ocrx_word' id='word_1_799' title='bbox 1700 5620 1758 5676; x_wconf 88' lang='lat' dir='ltr'>siti</span> <span class='ocrx_word' id='word_1_800' title='bbox 1779 5617 1907 5677; x_wconf 85' lang='lat' dir='ltr'>Plurimis</span> 
     </span>
     <span class='ocr_line' id='line_1_59' title="bbox 256 5706 1906 5785; baseline -0.001 -18"><span class='ocrx_word' id='word_1_801' title='bbox 256 5710 760 5785; x_wconf 85' lang='lat' dir='ltr'>nurrdumsuperbumaodacinremquo</span> <span class='ocrx_word' id='word_1_802' title='bbox 770 5712 1056 5771; x_wconf 83' lang='lat' dir='ltr'>montauistarumani·</span> <span class='ocrx_word' id='word_1_803' title='bbox 1106 5720 1196 5771; x_wconf 83' lang='lat' dir='ltr'>tutem</span> <span class='ocrx_word' id='word_1_804' title='bbox 1209 5752 1217 5781; x_wconf 98' lang='lat'>,</span> <span class='ocrx_word' id='word_1_805' title='bbox 1231 5711 1277 5783; x_wconf 90' lang='lat' dir='ltr'>qui</span> <span class='ocrx_word' id='word_1_806' title='bbox 1291 5713 1458 5771; x_wconf 86' lang='lat' dir='ltr'>nerasillius</span> <span class='ocrx_word' id='word_1_807' title='bbox 1468 5710 1603 5769; x_wconf 87' lang='lat' dir='ltr'>editiones</span> <span class='ocrx_word' id='word_1_808' title='bbox 1624 5712 1813 5781; x_wconf 85' lang='lat' dir='ltr'>adornarunt,</span> <span class='ocrx_word' id='word_1_809' title='bbox 1837 5706 1906 5767; x_wconf 89' lang='lat' dir='ltr'>iilud</span> 
     </span>
     <span class='ocr_line' id='line_1_60' title="bbox 256 5803 1906 5881; baseline 0.002 -23"><span class='ocrx_word' id='word_1_810' title='bbox 256 5816 331 5859; x_wconf 84' lang='lat' dir='ltr'>urum</span> <span class='ocrx_word' id='word_1_811' title='bbox 345 5804 486 5879; x_wconf 85' lang='lat' dir='ltr'>induerat,</span> <span class='ocrx_word' id='word_1_812' title='bbox 499 5804 699 5872; x_wconf 74' lang='lat' dir='ltr'>sedmtbniica</span> <span class='ocrx_word' id='word_1_813' title='bbox 712 5803 842 5867; x_wconf 79' lang='lat' dir='ltr'>lioclesiae</span> <span class='ocrx_word' id='word_1_814' title='bbox 853 5806 1051 5881; x_wconf 86' lang='lat' dir='ltr'>obtemperau-</span> <span class='ocrx_word' id='word_1_815' title='bbox 1106 5806 1143 5869; x_wconf 86' lang='lat' dir='ltr'>ita</span> <span class='ocrx_word' id='word_1_816' title='bbox 1153 5820 1311 5881; x_wconf 86' lang='lat' dir='ltr'>persuasum</span> <span class='ocrx_word' id='word_1_817' title='bbox 1322 5804 1391 5881; x_wconf 90' lang='lat' dir='ltr'>luit,</span> <span class='ocrx_word' id='word_1_818' title='bbox 1404 5806 1543 5866; x_wconf 86' lang='lat' dir='ltr'>utbancae</span> <span class='ocrx_word' id='word_1_819' title='bbox 1554 5806 1838 5881; x_wconf 86' lang='lat' dir='ltr'>partitionemututane</span> <span class='ocrx_word' id='word_1_820' title='bbox 1849 5818 1906 5862; x_wconf 91' lang='lat' dir='ltr'>aon</span> 
     </span>
    </p>
   </div>
   <div class='ocr_carea' id='block_1_8' title="bbox 557 3730 762 3773">
    <p class='ocr_par' dir='ltr' id='par_1_11' title="bbox 557 3730 762 3773">
     <span class='ocr_line' id='line_1_61' title="bbox 557 3730 762 3773; baseline -0.01 0"><span class='ocrx_word' id='word_1_821' title='bbox 557 3730 705 3773; x_wconf 68' lang='lat' dir='ltr'>sustentus</span> <span class='ocrx_word' id='word_1_822' title='bbox 722 3731 762 3773; x_wconf 86' lang='lat' dir='ltr'>lli.</span> 
     </span>
    </p>
   </div>
   <div class='ocr_carea' id='block_1_9' title="bbox 0 0 2046 6327">
    <p class='ocr_par' dir='ltr' id='par_1_12' title="bbox 0 0 2046 6327">
     <span class='ocr_line' id='line_1_62' title="bbox 0 0 2046 6327; baseline 0 0"><span class='ocrx_word' id='word_1_823' title='bbox 0 0 2046 6327; x_wconf 95' lang='lat' dir='ltr'> </span> 
     </span>
    </p>
   </div>
  </div>
 </body>
</html>
