4084 6334
145 352 202 415 ιιι
712 348 947 415 bussunra'tto
965 352 996 413 ῠ.
1017 352 1064 414 LE
1080 354 1236 418 munau.
1749 363 1805 427 966

146 494 194 537 sus
206 478 397 554 Polycarpum,
409 479 438 531 ut
452 485 484 531 es
498 470 617 531 Eusebio
629 468 757 530 discimus
772 471 892 547 (Enseu,
905 472 949 529 tlt.
964 471 1112 536 Auominc
1141 472 1269 547 appellari
1280 472 1389 544 lostam,
1415 482 1447 533 nt
1460 470 1501 534 'ail
1519 476 1626 547 Festus,
1648 484 1731 538 terrae
1753 480 1804 549 de·

147 572 182 630 ιιι
197 572 267 630 llist.
289 571 401 641 decies,
418 588 442 627 c.
458 568 501 635 te,
516 587 543 643 p.
557 565 621 639 ιιι).
635 564 784 640 Cyprianus
797 580 904 640 quoque
916 567 951 624 de
1003 566 1084 625 lixum
1103 566 1113 639 (
1127 566 1200 626 Fert.
1215 570 1250 624 ad
1264 584 1288 625 u.
1305 568 1418 642 Stipes).
1432 570 1533 629 Nomen
1547 586 1612 630 reru
1633 574 1700 643 auis,
1712 588 1806 647 quent-

145 681 177 723 se
190 666 248 737 ipso
261 665 367 738 scripta
383 681 391 718 τ
408 663 470 719 Orto
485 663 571 717 statim
586 658 841 738 turbationisimpetu
856 662 949 733 puero,
1001 659 1146 719 admodum
1162 662 1232 719 idem
1249 660 1345 720 Festus
1358 672 1460 733 monet,
1473 664 1564 723 rarius
1576 666 1656 725 habet
1667 667 1804 741 siqnidea·

144 739 203 817 cum
215 778 254 815 rare
269 760 381 815 clurraorc
395 757 505 812 uiolento
519 753 630 830 populas
648 754 790 828 popitasset
804 753 949 828 (Cpprieu.
1002 763 1045 813 lus
1060 756 1163 831 (idem,
1179 756 1213 812 od
1226 774 1250 813 u.
1265 755 1356 833 auls).
1375 758 1525 831 Aliquando
1537 760 1608 817 eninr
1628 763 1743 818 sumitur
1756 776 1806 835 pro

146 855 222 929 epist.
247 852 316 927 su).
344 850 412 923 Quid
444 861 536 907 aurtem
562 849 743 921 flagitaverit,
771 863 820 905 nos
839 849 950 906 Pontius
1001 848 1204 920 septentrionali
1217 850 1279 907 eceli
1292 860 1379 923 parte.
1393 853 1536 925 aliquando
1557 868 1607 926 pro
1620 856 1697 912 lereti
1713 854 1806 927 stipite

146 946 189 1005 bis
210 948 237 1003 in
259 948 330 1003 iliius
356 945 416 1001 Vita
437 945 516 1000 docet
539 944 628 1000 uerbis
642 960 649 998 a
663 941 878 998 llaeimeeumet
896 946 951 1015 sup·
1001 942 1073 999 circa
1088 958 1167 1015 quem
1179 945 1293 1001 vertitur
1304 953 1380 1013 rota;
1401 946 1473 1003 unde
1485 962 1704 1019 nonnunquam
1720 948 1807 1020 poetis

146 1040 238 1114 propiis
261 1045 329 1109 sepe
341 1038 454 1109 repetitis
468 1036 503 1091 ad
524 1035 623 1092 leonem
643 1037 816 1109 postularetur
842 1033 852 1110 (
870 1033 949 1091 Paul.
1001 1050 1053 1108 pro
1070 1044 1127 1092 toto
1142 1052 1222 1093 curru
1244 1038 1390 1110 accipitur;
1405 1037 1521 1111 denique
1542 1056 1590 1112 pru
1603 1041 1690 1099 sectili
1702 1042 1804 1099 tabula.

145 1130 172 1186 iu
193 1130 250 1187 Vite
264 1130 399 1205 Cyprium..
412 1150 439 1205 p.
449 1128 490 1199 ι).
505 1128 651 1200 Expeadas
662 1127 753 1201 itaque
763 1128 843 1184 uelim
854 1142 887 1182 an
898 1126 950 1184 buc
1002 1128 1038 1187 dt
1050 1129 1169 1186 secundo
1181 1144 1263 1187 sensu
1276 1132 1333 1187 axis
1348 1144 1446 1187 nomen
1461 1130 1656 1189 aTertulliano
1672 1134 1807 1206 accipisi-

146 1225 227 1280 etiam
241 1225 427 1281 eolllueuuerit
440 1223 627 1281 Tertullianus
641 1235 745 1293 noster,
753 1223 802 1279 ubi
813 1222 846 1279 de
859 1238 950 1279 roma·
1002 1219 1090 1289 detur,
1115 1229 1144 1276 et
1163 1220 1197 1277 ab
1218 1220 1264 1277 illo
1285 1222 1430 1294 significari
1452 1230 1586 1297 martyres
1610 1226 1754 1297 aliquando
1772 1226 1807 1283 ad

146 1333 180 1375 na
194 1318 273 1394 plebe
285 1317 352 1375 dixit
366 1334 374 1376 a
394 1315 448 1373 Nec
458 1317 507 1372 ulli
519 1317 602 1388 mapis
614 1316 816 1391 depostulatores
825 1315 949 1372 Clurlstio-
1001 1325 1081 1367 axem
1093 1312 1237 1383 integrum,
1250 1313 1371 1369 crebrius
1383 1330 1447 1371 nero
1457 1314 1491 1370 ad
1501 1316 1628 1386 stipitem,
1643 1317 1699 1373 sire
1709 1316 1807 1375 luslem

147 1426 247 1477 uorum,
260 1390 337 1483 qum'u
350 1410 451 1482 culpus.
459 1408 560 1465 Plebeii
571 1409 703 1480 siquidem
712 1406 835 1465 bomines
844 1408 951 1466 caeteris
1002 1417 1082 1463 terrae
1095 1406 1231 1475 delirum,
1247 1407 1293 1464 sed
1308 1408 1366 1463 axis
1388 1409 1500 1465 dimidio
1511 1410 1656 1479 minorem,
1672 1410 1808 1469 revinctos

147 1502 227 1576 longe
240 1504 405 1577 irequeutius
420 1502 592 1576 postulabant
605 1502 811 1575 clamabantque
823 1500 950 1559 Clarisrio·
1002 1498 1126 1555 cremari.
1145 1498 1251 1555 Etbnici
1273 1500 1364 1572 itaque
1378 1498 1539 1557 Christianis
1553 1502 1678 1560 omnibus
1694 1503 1808 1561 ridiculo

147 1613 194 1653 uos
207 1598 241 1652 nd
264 1598 372 1655 leonem.
392 1596 421 1654 Si
436 1607 526 1653 tamen
549 1595 702 1665 existimes,
718 1596 755 1652 ibi
775 1595 809 1653 de
831 1592 952 1668 quolibet
1002 1592 1173 1647 emtamarum
1189 1592 1296 1648 nomiae
1312 1594 1487 1650 insultabunt.

147 1690 243 1746 mortis
257 1706 355 1762 genere
370 1690 405 1745 ab
418 1690 451 1744 iis
467 1688 602 1761 postulato
616 1704 769 1746 sermonem
784 1687 854 1758 lteri,
870 1688 951 1760 idque
1038 1682 1137 1741 Verum
1154 1684 1228 1743 blsce
1242 1688 1322 1742 lautis
1333 1694 1441 1759 tamque
1455 1687 1597 1746 horrendis
1612 1690 1752 1763 suppliciis
1763 1706 1806 1749 sa-

147 1785 256 1855 probes,
272 1783 344 1839 lrarrd
358 1783 471 1839 maritum
484 1784 651 1839 resistemus.
664 1780 717 1840 Sed
732 1782 841 1840 iuterim
855 1782 888 1838 ad
899 1782 950 1839 alia
1003 1780 1068 1834 tiata
1082 1792 1135 1834 non
1153 1790 1212 1835 erat
1225 1778 1362 1847 immanis,
1378 1792 1410 1836 aa
1425 1780 1504 1853 piane
1518 1780 1654 1840 irascibilis
1667 1784 1808 1857 gentillum

147 1874 359 1933 Christianorum
374 1883 506 1932 tormenta
520 1885 698 1931 transeamus.
714 1876 763 1930 dlii
779 1875 951 1938 eraclius,ait
964 1880 989 1943 Β
1002 1872 1149 1929 erudelitas
1171 1883 1200 1929 et
1218 1871 1318 1930 rabies.
1338 1872 1405 1929 Nam
1426 1874 1489 1946 ipris
1504 1872 1707 1931 baeatuualtum
1721 1875 1805 1947 ludis,

149 1970 350 2027 Auctornoster
362 1968 528 2039 (Tertullica.
540 1967 689 2040 epotaque..
703 1984 762 2038 cap.
772 1966 817 2035 ta,
832 1984 859 2039 p.
871 1966 946 2035 339),
1001 1980 1047 2020 nec
1060 1964 1178 2029 orartuis,
1190 1963 1228 2021 ait
1237 1964 1431 2031 Tertullianus,
1447 1975 1555 2037 percunt
1567 1966 1729 2037 Christianis,
1745 1970 1807 2039 quin

147 2071 170 2117 et
189 2061 319 2133 stipitibus
344 2061 562 2133 doponebantur,
587 2070 634 2117 aul
658 2062 736 2118 siculi
750 2071 846 2132 postea
869 2060 948 2128 dixit,
999 2056 1059 2113 ilios
1071 2056 1103 2113 cle
1116 2058 1201 2129 requie
1212 2057 1360 2129 sepulture,
1379 2058 1410 2115 cie
1429 2058 1502 2131 aspie
1514 2059 1626 2130 quartem
1647 2062 1738 2117 mortis
1749 2062 1807 2133 inm

146 2169 233 2209 crocces
257 2170 300 2208 eas
311 2153 478 2225 suspendunt.
493 2154 544 2209 atil
557 2154 665 2209 ceruices
676 2161 783 2222 paurum,
793 2162 876 2208 autut
886 2152 950 2209 alibi
1000 2149 1077 2216 alios,
1087 2148 1146 2219 iam
1159 2164 1206 2205 uec
1218 2158 1283 2204 totos
1294 2150 1416 2217 aucllnnt,
1430 2149 1564 2218 dissecent,
1574 2150 1808 2223 distrodoatlder·

147 2245 220 2315 loqui
236 2244 340 2313 ntaiuit,
361 2245 443 2317 pluuii
452 2254 556 2321 putturo
576 2261 663 2301 eorum
677 2244 827 2301 detruncent
846 2244 858 2318 ι
866 2243 948 2315 tola,
1002 2241 1105 2297 tullian.
1121 2240 1256 2313 Apolopet.
1277 2258 1336 2313 cup.
1352 2242 1387 2299 st
1400 2244 1420 2315 ι.
1446 2241 1506 2298 alla
1522 2251 1611 2300 autem
1634 2244 1661 2299 in
1676 2243 1807 2301 disserta·

146 2354 204 2411 cup.
220 2336 460 2412 superaptari
476 2339 585 2410 insuper
597 2338 828 2412 iquibusuruutur,
844 2338 886 2395 rei
902 2353 950 2397 eos
1001 2337 1075 2392 tiene
1090 2334 1246 2407 (dissertat.
1262 2337 1289 2391 iu
1302 2335 1433 2406 bactani„
1447 2354 1506 2409 cup.
1524 2336 1567 2405 le,
1583 2347 1633 2395 art.
1647 2337 1686 2412 Ξ)
1703 2337 1807 2409 patefe-

145 2431 217 2504 ipnes
239 2430 366 2499 lantiunt,
389 2431 459 2489 sicut
472 2442 568 2504 postea
589 2432 623 2489 ab
643 2431 690 2489 illo
712 2431 813 2490 dictum
837 2432 950 2507 legimus
1001 2430 1089 2486 cimrrs
1104 2440 1202 2501 quomo
1218 2429 1317 2487 ethnici
1333 2430 1440 2488 leuitate
1456 2432 1481 2487 ln
1495 2442 1666 2488 mortuorum
1680 2432 1807 2505 elscpui·

149 2521 252 2596 (lala,
267 2523 316 2579 loc.
333 2525 378 2580 cit.
388 2522 410 2597 ).
1001 2529 1090 2581 torum
1106 2534 1254 2597 martyrum
1266 2538 1379 2597 corpora
1394 2524 1518 2583 baoclmti
1533 2524 1644 2585 rueme.
1685 2540 1691 2554 ¹

181 2621 217 2674 at
231 2618 289 2676 lutee
302 2620 375 2675 uaria
390 2619 584 2698 suppliciorum
596 2634 696 2693 genera
711 2620 738 2676 in
751 2634 801 2677 suo
815 2619 850 2677 de
865 2618 950 2679 Pudi·

147 2712 209 2769 cilia
228 2712 298 2767 libro
311 2712 350 2767 sic
363 2712 501 2782 explieat:
518 2712 619 2784 Martyr
633 2722 696 2786 putu
710 2729 778 2767 rrunc
790 2712 837 2768 cui
851 2712 950 2785 plodio,
1126 2723 1129 2731 ’
1312 2718 1462 2762 saracenus
1480 2718 1511 2763 ιι.

145 2807 200 2876 icor
212 2804 295 2875 eapite
305 2801 396 2859 librata
404 2822 414 2872 ,·
423 2813 486 2876 puta
498 2805 525 2860 in
538 2805 664 2879 patibulo,
671 2808 728 2878 jem
739 2821 846 2877 corpore
855 2819 952 2879 espen-

146 2912 176 2952 sa
184 2912 194 2962 ;
208 2905 271 2969 puta
285 2896 312 2950 in
326 2896 421 2967 stipite,
430 2897 488 2968 jam
497 2896 569 2952 icone
578 2912 714 2963 concesso,·
729 2906 791 2969 pulo
805 2898 951 2971 iu'auejant

147 2988 265 3044 incendio
279 2989 408 3044 adstructo
423 2986 527 3059 (idem,
548 2989 593 3045 lid.
618 2988 787 3059 dePudicit.,
808 3007 866 3064 cop.
890 2989 950 3065 22).

147 3079 239 3153 Neque
273 3090 361 3137 taurea
400 3080 454 3137 illis
493 3090 596 3138 tantum
627 3084 790 3140 cruciatibus
824 3083 950 3139 christia·

148 3188 199 3229 nos
227 3174 346 3245 torqueri
372 3173 430 3244 ipse
455 3174 606 3232 denuntiat.
632 3174 951 3233 Namalioadbucinli·

148 3266 198 3323 bro
210 3278 342 3323 memorat
356 3283 410 3323 non
424 3267 504 3323 modo
515 3268 632 3339 plodlum
642 3284 746 3339 prooem
758 3278 782 3323 et
796 3284 987 3349 caueamus-G
1041 3257 1155 3313 Tantum
1179 3255 1270 3322 abest,
1286 3264 1315 3311 lli
1327 3270 1375 3323 ιι,
1391 3270 1450 3326 (lull-⁸
1465 3252 1693 3319 m⁰ffl⁰l³tifflllsr
1712 3266 1744 3309 ιι
1759 3252 1804 3308 lit

147 3362 253 3429 cedema,
269 3371 294 3417 et
314 3361 410 3417 rabiem
423 3362 574 3427 bestiarum.
596 3345 761 3417 strumarum
783 3362 881 3435 ipniuru
896 3378 951 3433 ρα-
1003 3350 1113 3423 (ibidem
1135 3349 1194 3405 ⁸¹⁰⁰
1214 3348 1326 3405 Ιῑθιιῡιθ
1338 3344 1426 3403 inditi
1439 3354 1560 3415 illisum»
1575 3356 1724 3416 madidum
1740 3356 1806 3414 ΝΡ·

148 3470 220 3520 nom,
232 3469 326 3509 verum
341 3455 423 3509 etiam
435 3470 510 3509 amoc
523 3454 791 3525 carnificisinqeuium
803 3454 831 3509 iu
841 3463 952 3510 tormen·
1003 3443 1082 3515 plicia
1104 3440 1173 3497 alios
1196 3438 1357 3496 christianos
1377 3452 1393 3493 a
1412 3436 1548 3509 religionis
1562 3450 1619 3493 sete
1637 3434 1806 3506 professione

148 3546 181 3601 tis
196 3545 409 3614 immanioribus,
425 3561 485 3617 quae
509 3546 572 3602 leris
586 3530 722 3602 crudelius
743 3545 861 3603 bominis
875 3548 951 3620 inpe—
1002 3534 1201 3600 deterruerinl;
1217 3532 1281 3604 <1¹¹3ss
1296 3530 1358 3588 indi
1370 3529 1495 3587 f⁰ill⁰i0⁸
1511 3528 1575 3587 ‘³⁰²1
1588 3570 1596 3595 r
1611 3529 1703 3602 Pium
1716 3528 1806 3587 illidi·

86 3649 91 3657 ·
112 3706 116 3711 Δ
148 3638 222 3694 ιιιιιιιι
249 3638 402 3710 excogitare
427 3646 533 3710 poterat
559 3637 665 3711 (luem,
681 3639 725 3693 ιιι.
750 3638 785 3693 ad
813 3637 949 3712 deripe).
1002 3642 1050 3686 cos
1065 3627 1098 3684 ad
1113 3640 1172 3683 carn
1186 3622 1392 3694 amplexandam
1407 3623 1547 3689 traxerint,
1563 3628 1645 3692 utque
1660 3621 1697 3677 lta
1711 3628 1805 3677 auctus

147 3732 235 3801 Atque
261 3730 297 3785 ita
325 3730 371 3787 ille
384 3731 476 3802 paneis
498 3730 550 3788 illis
571 3730 764 3803 posterioribus
775 3730 864 3787 uerbis
878 3730 950 3788 lraud
1002 3736 1110 3794 semper
1122 3718 1205 3776 suerii
1219 3718 1324 3774 illorum
1348 3730 1486 3771 nupturus·
1501 3712 1569 3771 Nam
1583 3714 1690 3785 ipsimet
1703 3712 1805 3769 elbltiei

147 3822 262 3879 obscure
275 3822 436 3894 significarit
452 3821 554 3879 nullum
569 3838 631 3879 esse
642 3831 837 3879 tormentorum
852 3828 948 3895 perus,
1002 3816 1100 3890 agnitis
1119 3820 1267 3885 martyrum
1283 3818 1321 3866 tot
1343 3809 1478 3880 tantisque
1491 3806 1664 3873 eruciatibus,
1681 3806 1804 3879 mirique

147 3927 200 3986 quo
220 3913 358 3973 eluistiani
382 3927 437 3973 tum
452 3915 604 3975 discruciati
619 3931 673 3972 non
687 3916 796 3974 luerlne
1001 3924 1112 3983 prorsus
1133 3904 1299 3972 constantia,
1320 3910 1377 3959 tum
1406 3902 1528 3975 prolecto
1561 3900 1748 3959 alliciebantur
1775 3906 1805 3957 ut

180 4009 248 4078 Quia
267 4010 592 4082 verualiisqrarior,rcl
610 4011 681 4067 sicut
696 4024 760 4066 mox
781 4010 859 4067 abeo
880 4010 950 4067 serl-
1006 4012 1088 4062 tantae
1121 3999 1285 4058 lortitudiuis
1311 4008 1434 4053 caussam
1466 3996 1599 4053 curiosius
1617 3994 1804 4067 inquirerent,

145 4109 220 4174 plum
234 4103 360 4173 vidimus,
376 4105 566 4161 maximpeppt
580 4105 682 4177 ignium
695 4118 787 4177 poenp,
803 4104 867 4161 hille
880 4120 950 4176 gen.
1001 4110 1088 4168 eaque
1112 4102 1249 4165 comperii
1277 4099 1307 4147 ιιῑ
1326 4088 1511 4162 deprehendi,
1534 4088 1630 4149 ιιθιθιιι
1652 4087 1803 4147 christiani.

1004 2840 1139 2911 Quomodo
1147 2840 1251 2917 suspicis
1261 2849 1401 2917 ruortpruru
1411 2838 1584 2911 semeu'srrerit
1598 2838 1806 2911 clariminnorum,

1038 2935 1109 3006 isque
1123 2935 1257 3007 arciorem,
1271 2950 1347 3007 quum
1358 2932 1456 2999 Cicero,
1472 2932 1580 3000 Seneca,
1595 2932 1729 3005 Dispersus,
1743 2932 1809 3009 Ppr·

1038 3028 1096 3097 rba,
1113 3027 1263 3095 Callinicus,
1276 3026 1370 3099 aliique
1380 3024 1526 3099 pluilosoplti
1541 3034 1564 3081 cl
1575 3034 1689 3081 oratores
1702 3024 1806 3093 eliaru'ei,

1040 3120 1075 3175 ed
1086 3120 1293 3192 persuadendum
1308 3119 1359 3173 uiro
1374 3116 1499 3173 lambuerit.
1584 3120 1593 3130 '

26 4248 31 4256 .
146 4194 207 4252 ιιιει
220 4198 948 4269 camaorrrtsatantssaprusrepetebam.Quamobrem
1000 4190 1084 4246 moute
1107 4196 1196 4243 aaron
1218 4185 1241 4242 sl
1261 4186 1322 4257 qms
1341 4176 1408 4239 notu
1429 4181 1557 4249 orauere,
1572 4182 1594 4239 re
1607 4180 1803 4240 Tertullianum

144 4288 217 4357 illos,
230 4292 270 4347 uti
281 4291 317 4347 ibi
333 4293 359 4347 in
371 4292 511 4349 codicibus
520 4292 621 4348 nostris
636 4293 767 4365 legimus,
782 4308 860 4359 uuus,
871 4293 951 4350 idest
1000 4290 1122 4338 milium
1136 4279 1227 4336 ilidii!
1238 4296 1244 4335 ²
1255 4277 1330 4346 Quis,
1342 4275 1438 4348 inquil,
1451 4274 1579 4347 millii!
1593 4272 1710 4347 alieuius
1721 4272 1804 4329 maxi-

143 4389 195 4437 suo
209 4392 341 4455 tempore,
356 4385 533 4441 sarmenticios
546 4400 570 4441 et
587 4388 731 4454 semaxios,
746 4401 800 4441 nnn
816 4387 876 4443 sine
888 4400 948 4442 sap.
990 4392 1072 4434 ‘maur
1096 4377 1121 4431 ln
1141 4372 1283 4431 tormentis
1304 4370 1482 4427 constantiam
1497 4367 1619 4435 intuitus,
1631 4383 1682 4425 nou
1692 4376 1806 4423 contena-

143 4488 237 4530 casmo
249 4486 276 4531 et
289 4474 660 4547 irrisioneuocabantllelem,
672 4476 822 4548 Apulopet„
832 4494 892 4550 epp,
901 4477 946 4546 po,
1001 4470 1113 4541 plutiouc
1127 4468 1182 4537 ejus
1195 4464 1338 4519 concutitur
1357 4464 1391 4519 au
1410 4458 1590 4534 requirendum
1612 4459 1674 4530 quial
1695 4459 1763 4514 intus
1777 4457 1805 4514 iu

144 4586 172 4642 p.
190 4566 257 4643 tle).
270 4568 299 4624 in
314 4569 503 4641 antiquisrero
513 4568 676 4625 editionibus
687 4569 827 4638 remissius,
838 4570 947 4640 quoidam
999 4579 1028 4618 re
1047 4561 1101 4617 siti
1122 4558 1186 4626 Quis
1205 4572 1257 4613 ιιι
1277 4556 1321 4612 ¹¹⁶5
1343 4554 1482 4626 reputatus,
1498 4552 1619 4609 “milii
1631 4551 1674 4607 ¹¹⁶5
1688 4550 1804 4617 “limfis

143 4668 235 4717 autent
250 4660 301 4732 legi
323 4662 416 4716 volunt
429 4661 573 4726 semermos,
590 4670 618 4715 et
630 4668 725 4731 postea
739 4662 805 4715 ossis
818 4674 868 4731 pro
880 4662 947 4730 arcis,
959 4686 988 4751 D
1000 4654 1066 4710 mori
1077 4659 1177 4721 exoplat
1186 4646 1355 4721 (tarentum.
1368 4647 1513 4719 epotaque..
1525 4661 1583 4715 cap.
1595 4643 1640 4711 50,
1653 4660 1714 4717 paq.
1724 4640 1805 4715 bibi?

143 4754 222 4826 quasi
234 4752 417 4811 Tertullianus
431 4753 521 4811 dicere
542 4753 659 4810 uoluerit
671 4751 839 4809 Christianos
857 4752 948 4809 rerin-
1002 4746 1030 4803 ld
1053 4754 1106 4813 est,
1120 4742 1209 4815 agurita
1230 4751 1259 4799 ct
1279 4740 1404 4799 conlessa
1425 4739 1498 4796 illium
1519 4738 1658 4809 roligionis
1680 4736 1804 4806 ueritate,

144 4854 204 4905 ctos
217 4848 301 4905 luisse
313 4848 348 4904 ad
371 4848 491 4919 stipitem
506 4848 564 4903 siue
577 4846 669 4919 palum
682 4845 786 4903 dimidii
800 4846 879 4903 assis.
896 4846 949 4903 Sed
1002 4849 1066 4897 tunc
1082 4846 1191 4909 exaptat
1208 4834 1374 4909 quibuslibet
1386 4833 1467 4889 uitam
1491 4832 1568 4888 lladre
1590 4830 1764 4899 eruciatibus,
1776 4838 1826 4889 et*

145 4956 200 5012 quo
212 4942 311 4998 sensui
324 4939 394 4998 Num
414 4939 509 4998 eodem
528 4954 583 5012 quo
596 4939 690 4996 macris
704 4936 875 5010 significatui
895 4936 949 4995 Sed
1001 4930 1161 5005 supplicllst
1173 4928 1215 4987 Ad
1229 4927 1373 4999 Scapulam
1388 4940 1455 4982 nero
1469 4923 1528 4984 bec
1542 4936 1651 4997 quoquo
1664 4920 1730 4981 lecit
1740 4937 1804 4980 rer·

146 5034 173 5091 id
187 5049 280 5104 parum
295 5035 443 5106 probabile.
459 5034 553 5091 Potior
571 5030 665 5106 procul
686 5032 770 5089 dubia
786 5042 814 5090 et
834 5033 948 5105 genuina
1002 5027 1037 5083 ba
1062 5024 1201 5095 :Quisque
1221 5031 1319 5077 tantem
1339 5018 1500 5075 tolerantiam
1523 5026 1657 5087 spectans,
1672 5025 1699 5073 ut
1717 5016 1805 5089 otique

145 5135 300 5184 nostrorum
311 5128 471 5195 etaliorum,
487 5142 541 5184 uno
554 5134 657 5183 tantum
668 5134 782 5199 excepto
795 5126 949 5198 eoquclor-
999 5118 1121 5193 scrupulo
1142 5131 1292 5190 pmcussus,
1307 5124 1331 5170 at
1350 5111 1477 5184 inquirere
1496 5111 1643 5169 accenditur
1656 5110 1718 5183 quid
1731 5111 1763 5166 sit
1777 5110 1805 5165 in

146 5220 216 5275 sitan
229 5229 367 5292 corrupto,
381 5220 502 5275 omniunt
514 5220 639 5276 codicum
652 5218 759 5276 ridetur
771 5218 860 5275 lectio.
881 5218 949 5293 [lam
1001 5230 1120 5297 caussa,
1135 5220 1159 5269 et
1186 5210 1230 5267 ulii
1251 5208 1394 5283 copulauerit
1421 5205 1569 5271 vamtatem,
1589 5214 1614 5262 et
1639 5206 1695 5277 ipse
1716 5204 1804 5265 statim

146 5315 261 5386 ipsemet
275 5315 467 5382 Terrarllianus,
484 5314 584 5371 mentis
597 5329 654 5371 suae
672 5314 792 5386 optimus
804 5312 949 5384 interpres,
1002 5310 1114 5383 sequitur
1140 5306 1255 5381 (idem,
1280 5302 1326 5359 tlt.
1353 5301 1387 5356 ad
1410 5298 1530 5371 Scapul..
1555 5314 1612 5369 cop.
1638 5297 1685 5370 ι).
1710 5296 1804 5356 Omnis

146 5408 432 5481 continenteradjeoit‚
447 5408 553 5479 quisset
565 5381 676 5479 stipitem
687 5405 787 5461 dluridii
800 5406 951 5462 ueisresin·
1002 5404 1092 5475 itaque
1115 5399 1275 5465 elrrlulauus
1299 5404 1360 5467 past
1380 5392 1516 5464 religionis
1533 5405 1589 5461 suaa
1606 5388 1803 5462 professionem

147 5504 193 5573 cli,
205 5513 392 5559 smmcutorum
409 5502 506 5558 ambitu
521 5504 652 5558 exurimur
672 5500 758 5569 (idid.
771 5500 791 5575 ).
809 5500 884 5557 [lixit
901 5500 952 5557 its·
1002 5510 1110 5555 summo
1123 5494 1193 5549 illius
1203 5486 1437 5547 conservandum
1449 5482 1555 5543 tuende
1566 5485 1690 5541 incensus
1701 5482 1801 5551 studio,

148 5608 200 5669 qne
213 5595 380 5655 Christianos
392 5597 425 5653 ad
438 5596 556 5669 stipitem
578 5608 626 5654 scu
649 5595 738 5667 palum
763 5594 904 5667 alligatos,
918 5608 952 5650 ae
1003 5596 1109 5663 paratus
1120 5594 1166 5653 est,
1180 5584 1218 5641 ait
1232 5580 1320 5639 adbuc
1332 5580 1433 5637 duetm
1445 5584 1546 5645 noster,
1562 5576 1597 5633 ed
1606 5592 1687 5634 omne
1700 5575 1803 5679 suppli·

147 5694 291 5751 sarmentis
302 5694 478 5765 undequaque
489 5690 687 5763 circumpositis
698 5691 810 5762 igneque
818 5688 951 5759 accensis,
1003 5683 1071 5739 duur
1099 5673 1374 5753 (1riem,Ar⁰¹⁰lt⁸²·r
1395 5686 1454 5743 cap.
1476 5666 1530 5738 5⁰.
1553 5684 1613 5740 pta·
1628 5667 1706 5772 445ιῖ
1728 5665 1802 5724 erul

52 5789 57 5797 '
147 5784 224 5842 rivos
237 5786 369 5844 comburi.
384 5786 468 5842 Recte
480 5784 599 5857 quidem,
615 5782 737 5854 inquiea;
753 5782 801 5839 sed
815 5796 864 5839 cur
873 5782 897 5837 is
909 5780 952 5837 di·
984 5817 987 5823 -
1003 5776 1096 5843 enim,
1111 5770 1264 5844 inquiebat,
1278 5777 1364 5823 nostru
1378 5768 1457 5838 repert
1470 5764 1497 5821 in
1511 5761 1559 5821 icoc
1576 5776 1642 5831 eeu,
1656 5760 1802 5865 pranderes

148 5878 220 5939 midii
237 5880 294 5940 uuis
313 5881 399 5955 stipes
412 5878 529 5939 dicituri
540 5881 577 5937 at
589 5873 715 5949 observa,
730 5890 838 5950 queso,
853 5874 953 5950 stipitis
1005 5867 1123 5930 euredum
1142 5861 1311 5940 (litaqcap.
1322 5858 1368 5933 al,
1383 5872 1444 5933 pap.
1458 5851 1535 5929 leel.
1548 5852 1603 5920 eeu
1620 5865 1717 5926 ,suspen
1731 5866 1800 5920 utta·
