4084 6334
252 211 295 273 99·
761 281 763 286 ,
793 207 1017 276 amissario
1036 206 1083 274 ll!
1099 209 1193 276 VERA
1212 212 1343 281 AETATE
1847 219 1905 284 tot

251 335 300 396 sed
313 335 373 410 eius
386 340 426 398 rei
445 340 532 416 prima
545 347 606 401 esse
622 339 732 414 uestigia
752 339 778 396 ia
794 337 927 396 libellaria
946 334 1048 393 carana
1061 336 1088 398 Α
1103 354 1114 388 ι
1137 337 1226 394 uatis.
1247 357 1258 393 r
1275 338 1408 414 Egarero
1418 337 1596 400 veliementer
1607 341 1704 402 dubito
1715 385 1723 414 ,
1733 339 1816 418 quod,
1833 345 1901 417 quid

256 432 358 490 utilitia.
372 435 456 492 Porro
470 437 577 503 planum
594 437 731 504 iaciemus,
757 435 828 490 lrurrc
842 435 874 489 Α.
891 431 954 489 cct.
970 445 1051 487 man·
1102 431 1152 486 silui
1165 430 1311 504 velint,qui
1323 433 1358 488 ita
1369 434 1524 506 loqrrantur,
1540 433 1903 508 dalimannunintellererit,

252 525 345 583 datnm
360 527 444 586 iuuisse
460 529 556 588 litteris
569 573 576 600 ,
590 545 651 587 cum
666 530 733 587 iiber
747 529 779 584 de
790 526 945 584 T'eatimonia
959 525 1053 580 aaiarte
1102 532 1150 580 aut
1168 523 1318 599 intelligere
1343 529 1469 606 uoluerit.
1498 547 1510 583 r
1532 529 1630 589 Libros
1653 532 1726 588 eninr
1748 529 1906 588 Tertulliani

253 618 288 676 sit
300 618 358 678 lere
377 635 471 680 uersus
495 622 576 682 dnem
590 625 622 680 d.
638 622 754 681 cxliiii.
778 619 958 692 compositum
980 617 1053 674 urrde
1107 635 1118 672 r
1141 618 1356 688 ilontaniuaatis,
1372 622 1464 694 adjicit
1484 623 1524 695 lp.
1537 623 1606 697 id),
1621 624 1691 682 lorte
1704 640 1763 681 esse
1775 641 1842 694 eos,
1858 623 1910 698 qui'

254 711 326 768 lraud
344 711 454 772 dillieiie
464 699 516 772 erit
527 717 685 784 intellectu,
708 713 896 771 Tertullianum
911 725 982 768 anno
995 710 1053 768 iere
1107 727 1117 762 r
1141 711 1249 783 quidem
1263 713 1383 770 Nontaai
1394 713 1564 788 dogmatibus
1577 715 1755 788 inlectisnnt,
1769 717 1817 775 sed
1830 728 1906 776 recte

253 803 284 861 P.
307 805 337 862 C.
351 804 384 862 N.
399 807 454 864 CC.
467 809 729 866 sellontanistarum
743 807 863 882 partibus
885 804 1049 876 adjunxisse.
1108 821 1118 857 ι
1140 803 1289 862 sentientes
1315 821 1368 862 uon
1395 810 1550 879 exurgitaut3
1567 807 1734 866 ilontanirtae
1752 825 1834 878 uero,
1857 810 1906 883 qui

252 899 288 955 At
301 900 471 974 majoricano
480 901 631 961 dlllioultuti
640 903 755 959 obnoxia
766 909 809 958 est
822 902 906 957 ultera
920 897 1050 972 questio:
1111 913 1121 949 ι
1145 895 1270 953 heresim
1284 913 1337 954 non
1351 899 1438 955 solum
1448 902 1594 968 continent,
1609 917 1701 960 rerum
1716 904 1797 960 etiam
1809 912 1907 960 eontra

253 1005 366 1066 utrum,
386 1001 518 1070 susceptis
542 999 626 1058 semel
650 999 871 1066 Nonianistarum
893 995 1050 1064 erroribus,
1107 991 1457 1052 rutiotteasdeteadant.
1477 996 1908 1074 rsedqpbisiisquequiitalo·

255 1105 393 1162 nunquam
408 1091 583 1150 Tertullianus
605 1109 635 1150 se
653 1093 687 1150 ad
706 1093 848 1164 pristinum
862 1099 961 1148 cretum
974 1105 1051 1146 reee-
1103 1093 1233 1156 quottlttr,
1248 1085 1319 1158 quod
1329 1087 1498 1159 egoquidem
1511 1089 1607 1156 scium,
1619 1089 1756 1155 omnious,
1771 1090 1793 1145 is
1806 1088 1908 1146 dicitur

255 1185 436 1260 peritlcujus
451 1195 541 1245 umen
561 1187 898 1261 questionisailirrunndae
919 1183 990 1242 nulia
1010 1190 1053 1241 est
1103 1183 1273 1247 μοντωιιζιιν,
1299 1179 1476 1251 quiquidem
1512 1195 1619 1238 errores
1648 1195 1711 1238 eum
1737 1181 1908 1238 Nontanistis
2020 1208 2021 1263 j

256 1277 352 1336 idonea
366 1279 445 1338 ratio.
462 1281 528 1339 Nam
541 1297 571 1338 en
582 1290 642 1338 erat
658 1281 700 1336 isti
716 1280 818 1336 homini
832 1288 940 1336 austero
958 1287 986 1334 et
1007 1293 1053 1334 su·
1103 1285 1260 1326 committet
1271 1271 1416 1348 velerum
1426 1272 1508 1329 hahet
1519 1273 1562 1330 vel
1572 1274 1687 1347 elicitos.
1697 1272 1791 1332 Mill
1801 1284 1905 1346 umen,

255 1387 302 1443 pra
315 1373 425 1431 modum
437 1373 525 1447 rigido
544 1371 624 1430 insita
640 1374 720 1430 urrinni
735 1372 919 1439 irrrbeciiirtas,
933 1379 962 1427 ut
975 1412 983 1438 ,
998 1385 1053 1442 qno
1105 1373 1156 1433 ul,
1183 1374 1273 1437 tutela
1286 1366 1444 1424 eorumdem
1468 1381 1609 1424 sacrorum
1628 1385 1690 1426 curu
1704 1383 1753 1427 sua
1782 1367 1907 1426 Ecclesia

258 1467 393 1524 severiora
407 1477 573 1541 essentque
583 1469 616 1524 ad
630 1468 711 1523 uitam
724 1481 866 1536 nromsque
877 1465 1053 1537 pertinerent,
1104 1460 1303 1525 communione,
1314 1460 1433 1518 nondum
1442 1463 1626 1520 secontulerit
1637 1462 1671 1520 ad
1682 1462 1804 1535 ejusdem
1818 1464 1909 1520 socie·

254 1577 288 1618 eo
301 1563 384 1635 magis
399 1563 449 1619 istu
461 1564 608 1631 adamaret,
621 1562 798 1633 crederetque
807 1569 881 1616 tauto
893 1559 977 1630 magis
989 1571 1053 1629 pro·
1105 1555 1167 1608 tatia
1177 1567 1273 1622 suem,
1295 1570 1410 1626 quacum
1424 1555 1452 1611 in
1467 1558 1602 1614 aorrnullis
1614 1555 1746 1616 doctrinis
1758 1558 1907 1627 consentin

256 1655 317 1712 bata
342 1655 400 1714 lore
424 1657 480 1713 oea
499 1666 527 1714 et
552 1657 748 1714 consentientia
762 1670 824 1711 curm
844 1653 1052 1711 christianorum
1105 1662 1166 1704 erum
1178 1647 1339 1705 Noutauista
1352 1649 1397 1714 sit,
1410 1650 1457 1721 qui
1472 1659 1617 1722 utrumque
1627 1651 1728 1708 lecerit.
1741 1654 1775 1707 ut
1786 1651 1837 1708 ista
1850 1653 1908 1724 qai·

256 1749 429 1822 perfectione,
444 1755 541 1825 Atque,
556 1751 682 1810 uggqlgqq
697 1752 734 1816 ii,
750 1751 795 1822 qui
807 1759 864 1806 alra
881 1748 933 1805 bile
951 1714 1092 1805 vernn-B
1108 1741 1172 1796 delli
1197 1739 1371 1810 flofftlltltmtti
1384 1744 1466 1800 edilis
1480 1759 1574 1801 carere
1596 1743 1662 1802 dieii
1680 1743 1787 1802 linibus.
1813 1746 1856 1803 Sil
1869 1748 1907 1803 ila

257 1851 308 1910 tar,
330 1845 480 1902 tenaciores
492 1857 553 1902 esse
565 1859 658 1902 eorum
674 1845 805 1910 omniurn,
816 1859 877 1914 qaae
887 1840 1055 1898 rrrttrimento
1107 1850 1183 1891 sane.
1195 1834 1237 1893 Sit
1246 1837 1334 1893 ruilus
1345 1836 1498 1894 Tertulliani
1512 1838 1679 1897 Nonttniste
1700 1855 1732 1896 ac
1751 1847 1905 1911 mmorta-

161 1946 166 1960 ·
255 1947 318 1993 sunt
333 1935 467 2006 tristitia,
493 1952 640 2009 eorumque
655 1936 796 2008 opiniones
813 1951 874 1992 cum
889 1935 967 1990 arinis
982 1949 1054 1990 liora
1105 1953 1145 1993 err
1157 1930 1297 2002 ambiguas
1309 1931 1543 2001 admodrrnr.Quid
1555 1949 1620 2006 ergo
1634 1933 1694 1990 esti
1705 1934 1836 1992 Nimirum
1851 1951 1905 1992 non

254 2045 351 2102 capere
365 2032 529 2088 incrementa
545 2048 552 2086 ι
569 2031 606 2086 ita
621 2039 663 2087 est
677 2045 771 2102 parum
791 2027 941 2096 credibile,
956 2025 1054 2082 Tertul-
1106 2031 1194 2093 potest
1207 2037 1241 2079 er
1251 2028 1325 2079 raltn
1338 2022 1491 2099 Tertulliani
1503 2025 1639 2097 judicari,
1665 2026 1779 2085 [uentae
1805 2029 1830 2085 is
1848 2029 1904 2100 jam

256 2123 353 2180 liaauat
367 2125 432 2181 istas
442 2123 584 2194 opiniones
591 2123 759 2195 deposuisse,
772 2121 902 2192 istamque
912 2120 1054 2192 reliquisse
1105 2111 1201 2169 tli⁰ib⁰
1211 2114 1282 2170 lecto
1299 2114 1419 2184 ammi»
1440 2131 1475 2171 ²¹¹
1496 2116 1592 2174 'stilti
1607 2127 1694 2175 lecim
1708 2116 1825 2190 quodem
1846 2120 1905 2192 eius

255 2217 408 2289 palustrem
424 2260 431 2286 ,
458 2219 486 2274 in
511 2233 563 2288 qna
580 2215 687 2274 rideltat
700 2231 810 2288 operm
826 2231 855 2272 se
870 2229 949 2286 posse
964 2216 1053 2269 ouini·
1105 2205 1217 2278 imputa.
1230 2207 1264 2263 Et
1277 2208 1303 2264 id
1317 2209 1474 2266 solebamus
1485 2209 1611 2281 quidem,
1632 2227 1685 2268 nou
1701 2227 1780 2283 posse
1790 2229 1825 2268 er
1840 2214 1905 2270 leri·

255 2309 306 2367 bus
324 2309 383 2381 ejus
396 2310 504 2382 generis
530 2308 766 2366 exercitationibus
790 2308 865 2364 dare.
893 2305 1004 2363 Accedit
1019 2305 1053 2361 ad
1105 2298 1155 2355 tras
1166 2301 1325 2371 quidusdam
1338 2302 1423 2373 siguis
1436 2316 1562 2359 errorum
1577 2301 1737 2360 Tertulliano
1750 2320 1812 2360 eum
1825 2305 1902 2362 Nou·

256 2403 308 2459 lroc
322 2417 374 2459 non
387 2403 507 2458 ninnium
527 2402 628 2468 nrodo,
649 2403 694 2474 qui
707 2399 834 2458 derebus
846 2399 880 2456 nd
892 2413 954 2454 euru
968 2398 1053 2469 perti·
1106 2395 1211 2452 lanistis
1227 2398 1411 2454 communium
1423 2405 1481 2454 tute
1494 2398 1602 2469 conjici,
1611 2399 1681 2470 quad
1692 2399 1747 2470 iam
1759 2401 1815 2472 ipsa
1826 2399 1904 2456 ilan-

255 2496 379 2552 uentibus
399 2495 571 2552 commentati
585 2502 648 2551 sunt
658 2536 666 2563 ,
676 2493 814 2550 'silentiam
827 2493 918 2558 deeo,
934 2491 1004 2564 qaod
1018 2489 1053 2546 ad
1106 2489 1264 2547 lanistarum
1275 2505 1352 2548 saera
1379 2493 1538 2563 susceperit.
1564 2492 1656 2564 Neque
1667 2503 1755 2550 tamen
1770 2494 1797 2550 id
1811 2492 1847 2551 ita
1862 2495 1905 2551 in·

255 2588 412 2660 religionem
427 2588 565 2660 pristinam
579 2587 690 2646 redierit
705 2629 713 2656 ,
726 2585 774 2643 sed
787 2588 843 2658 ipsa
856 2586 936 2642 etiam
948 2583 1053 2656 dugua-
1107 2583 1241 2642 tellectum
1254 2586 1592 2659 r·olamcs,qrrasispuriam
1603 2597 1738 2655 escotum
1748 2598 1902 2660 suspectam

237 2686 239 2690 '
255 2683 302 2740 tini
314 2682 444 2755 prolessio
467 2683 477 2755 (
494 2681 532 2739 tte
545 2682 701 2749 ltaereeilrur,
727 2697 785 2753 cap.
799 2679 858 2750 stt.)
879 2679 1053 2749 umidumque
1105 2690 1188 2734 omne
1199 2688 1402 2750 argumentum,
1426 2679 1498 2751 quod
1511 2679 1618 2738 ducitur
1631 2696 1646 2735 a
1661 2679 1791 2738 doctrinis
1801 2681 1904 2738 Nauta-

256 2791 421 2845 consensus,
445 2775 490 2848 qut
514 2775 574 2848 ejus
589 2774 776 2831 auctoritatem
792 2771 962 2830 indoctriais
985 2785 1051 2842 pro·
1106 2769 1237 2826 nistarum
1262 2772 1289 2827 iu
1312 2772 1387 2841 iroc,
1415 2773 1496 2830 illone
1518 2773 1588 2831 libro
1609 2772 1763 2830 Tertulliani
1772 2775 1857 2851 coriis
1867 2775 1903 2833 ad

255 2863 351 2928 luendis
375 2869 519 2928 admittere
542 2869 705 2937 noluerunt,
731 2867 858 2938 quoniam
881 2865 1054 2937 adperrerse
1104 2859 1669 2924 idonunlsmumistislilrrisasserendum.
1684 2866 1902 2929 Santenimista

255 2963 428 3020 sentientium
442 2973 532 3035 partes
552 2977 582 3020 se
596 2961 765 3020 contulisset.
798 2959 890 3031 Neque
913 2973 974 3016 curn
990 2974 1054 3016 sen·
1105 2953 1253 3012 inredaes
1265 2966 1293 3012 et
1308 2958 1385 3028 quasi
1397 2958 1623 3032 termini,qnilrus
1634 2962 1763 3018 utendum
1773 2962 1902 3034 arbitror,

257 3059 340 3113 tentia
356 3066 445 3113 nostra
461 3063 582 3129 pugnant
594 3055 656 3112 libri
676 3053 694 3110 ii
710 3097 717 3124 ,
733 3067 801 3126 quos
815 3069 877 3111 eura
889 3051 984 3109 ultimo
995 3031 1089 3152 βιοῦ
1105 3063 1140 3106 ue
1151 3050 1185 3106 de
1199 3049 1352 3106 Tertulliani
1366 3052 1566 3124 tioatuaismo,
1592 3070 1626 3112 er
1637 3055 1697 3127 eius
1715 3055 1791 3113 iiluis
1802 3071 1905 3129 cogno-

256 3148 317 3206 ioco
327 3150 468 3222 scripsisse
488 3149 681 3218 ostendemus,
702 3149 746 3220 qui
758 3163 826 3220 pene
839 3161 935 3204 omnes
948 3145 1053 3218 aliquas
1105 3144 1220 3212 scendo,
1236 3147 1329 3215 param
1344 3157 1390 3200 aut
1416 3146 1526 3202 nimiam
1549 3147 1733 3220 philosophari
1752 3149 1903 3207 uideamur.

256 3241 488 3299 lrabentmaeulas
507 3257 629 3299 errorum
644 3239 892 3298 Nonianisticorum
917 3255 1051 3312 asprersas.
1108 3237 1905 3313 Prioraruigiturlegemejtrsreijudicrndaelrancrulumus

255 3333 295 3392 Sit
307 3335 385 3406 igitur
398 3335 455 3392 liaeo
468 3349 499 3392 ea
515 3335 541 3390 in
553 3351 583 3391 re
596 3335 752 3407 preceptio,
770 3343 798 3390 ut
816 3349 910 3390 omncs
934 3334 976 3391 isti
993 3334 1054 3391 libri
1105 3346 1166 3388 esse
1178 3374 1186 3398 ,
1210 3343 1240 3388 ut
1253 3333 1385 3402 ejusmodi
1400 3333 1469 3391 liber
1483 3335 1614 3392 trahentur
1626 3337 1653 3392 in
1663 3352 1757 3393 eorum
1771 3353 1903 3409 numero,

255 3426 444 3486 existimentur
465 3427 499 3484 ab
514 3427 572 3500 ipso
585 3437 646 3501 post
663 3425 859 3486 discessionem
871 3441 948 3484 suam
962 3427 1056 3484 elabo-
1104 3439 1184 3498 quos,
1200 3424 1308 3481 familiae
1316 3424 1608 3500 Nontanistarumjam
1621 3427 1906 3504 ademptan‘compo

255 3521 305 3576 ruti
318 3562 325 3588 ,
339 3535 407 3592 quos
422 3531 533 3594 apparet
548 3530 608 3593 post
621 3521 689 3578 aiios
704 3521 790 3578 luisse
802 3521 966 3592 compositos
983 3560 991 3589 ,
1007 3520 1054 3592 qui
1106 3519 1211 3585 suerit,
1239 3520 1265 3574 ia
1289 3534 1343 3591 qao
1355 3521 1473 3584 occurrit
1495 3537 1594 3580 nomen
1617 3521 1813 3596 Pegeiieorura.
1838 3525 1907 3583 Erat

255 3614 367 3671 istorum
379 3629 500 3674 errorum
512 3628 623 3688 possunt
637 3615 706 3672 iraud
722 3615 943 3673 dubieeonrinci.
1106 3606 1248 3671 enim'iroc
1266 3613 1350 3670 relati
1364 3617 1516 3688 symbolum
1532 3661 1540 3686 ,
1570 3631 1624 3690 qao
1636 3620 1725 3675 socios
1745 3619 1906 3678 orthodoxae

257 3705 271 3782 5
292 3709 317 3764 l.
335 3739 370 3750 -·
396 3709 528 3776 Quoarodo
554 3707 726 3766 Tertullianus
747 3707 927 3764 ilontaniaaar
947 3706 1054 3765 allon·
1106 3697 1329 3764 tieetesteasaa
1338 3719 1419 3765 secta
1430 3709 1593 3778 lrorniuilrus,
1606 3727 1673 3782 qaus
1683 3713 1815 3783 spiritales
1825 3713 1905 3784 dicit,

292 3803 384 3857 lanista
396 3803 504 3858 discerni
520 3805 612 3875 possit?
627 3803 658 3858 tit
673 3803 751 3874 liujus
765 3803 922 3860 dineriraluir
936 3803 1055 3859 uindicite
1106 3801 1284 3874 distingueret
1295 3799 1344 3874 (V.
1359 3801 1553 3873 Tertullianum,
1565 3806 1597 3862 de
1614 3807 1790 3880 ilouoqamia,
1800 3825 1859 3882 cap.
1875 3809 1906 3880 l,

294 3897 413 3953 aduersus
422 3896 617 3965 lloffatauurtnr.
1107 3895 1170 3951 eale.
1191 3893 1252 3950 Nic.
1268 3895 1468 3970 nugatoriae.
1483 3897 1546 3956 673.
1562 3897 1621 3972 tsi:
1635 3909 1718 3970 utque
1729 3901 1835 3958 uidetur
1846 3911 1907 3959 tum

294 3971 401 4047 Atsunt
411 3991 535 4063 perunaiti
549 4008 565 4048 c
578 3990 733 4048 Tertulliani
748 3990 843 4060 libris,
858 4005 972 4062 quorum
987 4000 1053 4048 retas
1108 3989 1167 4046 lere
1181 3990 1325 4046 conuictum
1337 4033 1345 4057 ,
1358 4005 1420 4047 cunr
1434 4005 1492 4061 eos,
1507 3994 1552 4064 qui
1565 3993 1679 4065 rigidum
1691 3993 1809 4051 iiontaai
1821 3995 1907 4053 disci·

256 4101 317 4142 crum
330 4086 499 4142 cariosorum
511 4101 623 4142 acumen
639 4086 832 4158 subterfugiat,
849 4084 920 4142 trulla
934 4084 1052 4153 humine,
1107 4083 1208 4155 plinum
1218 4099 1271 4138 trun
1287 4083 1453 4156 recipiebant
1467 4125 1475 4152 ,
1490 4100 1644 4157 oppugnare
1658 4085 1798 4158 inciperet.
1811 4087 1908 4160 Neque

257 4179 308 4234 nisi
319 4178 440 4252 quaedam
465 4193 587 4251 errorum
601 4177 851 4234 ilontauisticorunr
876 4179 986 4251 vestigia
1002 4179 1054 4236 sibi
1107 4173 1134 4231 id
1141 4175 1259 4230 oeearrit
1268 4173 1293 4229 in
1306 4174 1360 4230 ullo
1371 4173 1439 4230 libro
1447 4174 1512 4243 alio,
1527 4191 1606 4248 quern
1618 4178 1747 4248 temporis
1759 4187 1806 4234 aut
1818 4179 1907 4250 ipsius

257 4271 405 4342 impressu,
422 4272 545 4346 equibus
556 4272 598 4326 riu
614 4281 702 4332 temen
719 4281 808 4344 potest
820 4272 935 4344 judicari
952 4315 959 4341 ,
972 4288 1055 4351 qnae
1107 4266 1236 4324 doetrinae
1249 4268 1319 4325 ratio
1331 4268 1476 4325 ostendunt
1490 4279 1555 4326 ante
1577 4270 1636 4340 ejus
1648 4269 1826 4352 delectionem
1839 4287 1909 4330 eou-
2020 4282 2021 4285 ’

257 4377 319 4418 num
335 4363 416 4420 libras
434 4373 513 4429 uate,
527 4377 657 4434 quosnam
669 4363 916 4450 postdelectioucm
930 4379 1005 4422 suam
1019 4366 1054 4423 ad
1107 4361 1236 4432 scriptum
1247 4359 1339 4417 luisse.
1355 4361 1447 4433 ltaque
1461 4378 1516 4419 non
1527 4372 1569 4419 est
1578 4363 1837 4438 dubitandum,quin
1850 4366 1908 4423 sint
1999 4384 2004 4398 ·

160 4460 165 4469 ’
257 4453 432 4513 Nonianistas
445 4457 645 4529 conscripserit.
662 4455 740 4514 Unde
753 4457 849 4514 laetum
863 4466 921 4527 est,
945 4469 990 4525 ut,
1008 4459 1095 4532 quil)
1107 4458 1152 4514 isti
1167 4454 1239 4524 libri,
1253 4457 1298 4530 qui
1310 4457 1361 4515 lroc
1372 4472 1471 4515 nomeu
1494 4459 1753 4529 continent,omnea
1767 4469 1906 4534 pust—sus·

257 4549 309 4606 ista
321 4549 446 4622 subtilius
461 4559 604 4622 quaerunt,
631 4549 825 4608 Tertullianum
842 4550 1054 4610 lloutanirtama
1108 4559 1215 4620 ceptum
1228 4549 1435 4607 Nonianismum
1445 4553 1558 4609 exarati.
1572 4554 1643 4609 Alter
1657 4569 1745 4611 onnon
1761 4553 1805 4611 iric
1819 4565 1882 4612 esto
1898 4575 1906 4612 ε

259 4641 452 4698 llantuniaente
472 4631 690 4715 distinguendum
716 4658 778 4700 esse
790 4643 860 4699 lraud
875 4643 965 4716 inepte
980 4645 1054 4701 dice·
1107 4645 1195 4701 omnis
1206 4643 1273 4700 liber
1285 4643 1440 4701 Tertulliani
1452 4661 1486 4702 er
1500 4646 1615 4704 Noniani
1630 4649 1736 4714 ollii-ina
1747 4650 1908 4722 exiissepu·

257 4745 327 4792 rent.
344 4733 397 4791 Sed
410 4734 490 4792 aliter
503 4736 590 4792 uisum
604 4743 646 4793 est
656 4735 698 4792 lo.
714 4735 786 4794 Guil.
808 4736 978 4805 ilodrnanno,
990 4739 1055 4795 dure·
1107 4748 1200 4808 tetur,
1213 4740 1259 4812 qui
1272 4740 1410 4800 dmtrinas
1422 4751 1519 4800 tractat
1531 4760 1585 4802 non
1599 4744 1708 4816 quaem
1727 4744 1906 4805 ilontanista·

259 4828 362 4885 tissima
381 4827 446 4886 olim
460 4828 486 4884 in
499 4827 641 4886 Academia
653 4829 838 4903 Vitelrergensi
849 4829 974 4888 ilistoriae
987 4829 1055 4887 doc·
1107 4849 1167 4890 rum
1180 4834 1324 4907 proprias,
1342 4835 1390 4893 sed
1405 4845 1493 4894 tamen
1511 4837 1640 4894 Paracleti
1657 4838 1797 4911 cujusdam
1810 4851 1907 4898 aumo-

259 4921 329 4990 tori,
356 4923 419 4994 qui,
446 4936 507 4979 oum
525 4922 552 4978 in
574 4937 605 4980 ea
620 4931 692 4981 esset
712 4924 865 4992 sententia,
887 4933 916 4980 ιιι
931 4924 1055 4982 crederet
1105 4928 1185 4984 ritate
1198 4929 1379 4986 corrirmatas.
1392 4929 1513 5003 Namque
1528 4931 1572 4989 iric
1592 4941 1650 4990 erat
1664 4934 1785 5004 capitalis
1795 4933 1905 4992 Nonia-

259 5015 348 5072 omuia
372 5013 524 5072 Tertulliani
539 5051 556 5087 ,-
572 5033 632 5090 quae
644 5025 810 5088 supersunt,
832 5017 858 5073 in
876 5017 1055 5076 Nocturnismo
1106 5019 1329 5090 alstarumerror,
1339 5023 1410 5097 qaod
1418 5022 1583 5081 Paracletum
1588 5025 1775 5098 jacerentsuo
1783 5036 1907 5100 tempore

258 5109 356 5180 scripta
367 5107 461 5180 luisse,
481 5111 533 5168 lroc
546 5111 598 5168 sibi
610 5111 850 5168 demonstrandum
863 5111 1056 5170 dissertatione
1106 5116 1213 5172 uenisse
1224 5116 1317 5185 talem,
1333 5117 1378 5190 qui
1393 5125 1422 5174 et
1441 5120 1494 5174 dux
1506 5129 1579 5176 esset
1587 5119 1621 5176 ad
1633 5121 1773 5177 veritatem
1783 5134 1906 5192 omnem,

258 5202 386 5276 singulari
400 5215 550 5277 sumpserat
560 5203 723 5280 (Vitebergne'
736 5205 867 5278 {739qu
878 5205 984 5276 quidem
993 5207 1054 5278 pui-
1106 5218 1135 5264 et
1144 5223 1213 5265 nora
1229 5225 1317 5266 rerum
1333 5210 1485 5268 diuinarum
1508 5212 1619 5269 scientia
1633 5213 1769 5272 auditores
1777 5229 1842 5271 suos
1856 5216 1906 5272 ina·

258 5295 323 5352 cirre
335 5297 514 5369 perspiciens,
539 5299 562 5354 si
576 5299 625 5355 ista
641 5298 775 5356 subtilitas
790 5299 989 5367 admitteretur,
1003 5299 1054 5358 de·
1106 5304 1202 5361 irroret
1215 5303 1263 5370 ita,
1279 5313 1309 5360 ut
1322 5315 1536 5377 cognoscerent,
1558 5322 1618 5379 quae
1634 5307 1764 5379 patefacta
1776 5308 1844 5366 nulli
1858 5325 1905 5368 es-

261 5388 483 5468 monstrntionom
505 5403 581 5446 suant
595 5389 693 5462 aliquid
707 5403 769 5447 esse
781 5390 936 5448 detrimenti
960 5402 1055 5466 captu·
1107 5407 1167 5452 seut
1180 5397 1337 5469 antiquioris
1350 5400 1488 5457 memoria
1502 5401 1604 5460 leontini
1619 5443 1627 5470 ,
1650 5411 1678 5460 et
1698 5403 1731 5460 nd
1751 5406 1900 5463 maximam

257 5493 336 5548 rann,
352 5483 457 5552 negauit
475 5483 526 5540 lroc
534 5483 638 5540 admitti
658 5483 802 5541 discrimen
818 5499 906 5556 posse.
926 5503 935 5536 ι
953 5487 1055 5543 Carere
1106 5487 1512 5566 perlectionemnuncaspirare
1534 5504 1643 5566 possent
1666 5495 1677 5570 (
1697 5495 1728 5553 i'.
1744 5498 1860 5554 eumden
1875 5499 1906 5556 in

261 5591 271 5626 a
294 5574 366 5632 enirn
381 5574 444 5642 lnoc,
456 5577 494 5631 ait
509 5579 539 5648 ,(
555 5575 626 5650 W·
642 5593 669 5650 p.
687 5578 730 5633 i'l.
743 5576 975 5651 liniamentis,
1003 5595 1054 5637 nec
1107 5580 1171 5635 liira
1185 5582 1217 5636 de
1228 5583 1561 5662 aemerdieairpiailun,eap.
1574 5587 1631 5647 l.et
1644 5589 1730 5648 lilrol
1739 5589 1769 5648 t.
1779 5591 1906 5649 aduersae

261 5683 271 5719 ι
295 5665 544 5741 nninusunrleigaurn
557 5669 726 5726 esscrnlturn
737 5669 940 5728 Nontnnizantis
950 5671 1056 5729 etiloa-
1107 5671 1283 5747 anaema,
1295 5697 1319 5736 e.
1329 5679 1375 5738 ᾖ.
1387 5698 1413 5753 p.
1428 5682 1557 5755 diist).
1572 5687 1660 5756 duae
1674 5687 1753 5757 ouius
1768 5685 1903 5746 Paracleti

261 5773 273 5814 r
296 5759 415 5831 turristae,
431 5777 511 5836 quam
525 5759 593 5835 ejus,
610 5763 654 5836 qui
669 5773 799 5837 aegrotare
809 5765 913 5840 incipit,
927 5775 954 5827 et
964 5780 1055 5839 ugro·
1106 5768 1270 5841 agnitionem
1282 5786 1330 5844 se,
1343 5774 1398 5845 ait,
1412 5775 1562 5848 miscuisse
1571 5775 1607 5835 alr
1620 5777 1743 5841 Ecclesia
1755 5778 1903 5853 (Murmur
